

%% This BibTeX bibliography file was created using BibDesk.
%% http://bibdesk.sourceforge.net/

%% Created for Michael N. Arbel at 2019-04-30 05:24:58 +0100 


%% Saved with string encoding Unicode (UTF-8) 

@book{smola1998learning,
	title={Learning with kernels},
	author={Smola, Alex J and Sch{\"o}lkopf, Bernhard},
	volume={4},
	year={1998},
	publisher={Citeseer}
}

@misc{pavliotis2011stochastic,
	title={Stochastic processes and applications},
	author={Pavliotis, Grigorios A},
	year={2011},
	publisher={Springer}
}

@article{mckean1966class,
	title={A class of Markov processes associated with nonlinear parabolic equations},
	author={McKean Jr, HP},
	journal={Proceedings of the National Academy of Sciences of the United States of America},
	volume={56},
	number={6},
	pages={1907},
	year={1966},
	publisher={National Academy of Sciences}
}

@article{durmus2018elementary,
	title={An elementary approach to uniform in time propagation of chaos},
	author={Durmus, Alain and Eberle, Andreas and Guillin, Arnaud and Zimmer, Raphael},
	journal={arXiv preprint arXiv:1805.11387},
	year={2018}
}

@inproceedings{kac1956foundations,
	title={Foundations of kinetic theory},
	author={Kac, Mark},
	booktitle={Proceedings of The third Berkeley symposium on mathematical statistics and probability},
	volume={3},
	pages={171--197},
	year={1956},
	organization={University of California Press Berkeley and Los Angeles, California}
}

@inproceedings{chizat2018global,
	title={On the global convergence of gradient descent for over-parameterized models using optimal transport},
	author={Chizat, Lenaic and Bach, Francis},
	booktitle={Advances in neural information processing systems},
	pages={3036--3046},
	year={2018}
}

@article{dudley1969speed,
	title={The speed of mean Glivenko-Cantelli convergence},
	author={Dudley, RM},
	journal={The Annals of Mathematical Statistics},
	volume={40},
	number={1},
	pages={40--50},
	year={1969},
	publisher={JSTOR}
}

@article{weed2017sharp,
	title={Sharp asymptotic and finite-sample rates of convergence of empirical measures in Wasserstein distance},
	author={Weed, Jonathan and Bach, Francis},
	journal={arXiv preprint arXiv:1707.00087},
	year={2017}
}

@article{Rotskoff:2019,
	Abstract = {Neural networks with a large number of parameters admit a mean-field description, which has recently served as a theoretical explanation for the favorable training properties of "overparameterized" models. In this regime, gradient descent obeys a deterministic partial differential equation (PDE) that converges to a globally optimal solution for networks with a single hidden layer under appropriate assumptions. In this work, we propose a non-local mass transport dynamics that leads to a modified PDE with the same minimizer. We implement this non-local dynamics as a stochastic neuronal birth-death process and we prove that it accelerates the rate of convergence in the mean-field limit. We subsequently realize this PDE with two classes of numerical schemes that converge to the mean-field equation, each of which can easily be implemented for neural networks with finite numbers of parameters. We illustrate our algorithms with two models to provide intuition for the mechanism through which convergence is accelerated.},
	Author = {Rotskoff, Grant and Jelassi, Samy and Bruna, Joan and Vanden-Eijnden, Eric},
	Date-Added = {2019-04-30 03:28:04 +0000},
	Date-Modified = {2019-04-30 03:28:04 +0000},
	Journal = {arXiv:1902.01843 [cs, stat]},
	Keywords = {Statistics - Machine Learning, Computer Science - Machine Learning},
	Month = feb,
	Note = {arXiv: 1902.01843},
	Title = {Global convergence of neuron birth-death dynamics},
	Url = {http://arxiv.org/abs/1902.01843},
	Urldate = {2019-03-01},
	Year = {2019},
	Bdsk-File-1 = {YnBsaXN0MDDUAQIDBAUGJCVYJHZlcnNpb25YJG9iamVjdHNZJGFyY2hpdmVyVCR0b3ASAAGGoKgHCBMUFRYaIVUkbnVsbNMJCgsMDxJXTlMua2V5c1pOUy5vYmplY3RzViRjbGFzc6INDoACgAOiEBGABIAFgAdccmVsYXRpdmVQYXRoWWFsaWFzRGF0YV8QSy4uLy4uLy4uLy4uL0RvY3VtZW50cy9HYXRzYnkvUmVzZWFyY2gvbGl0dGVyYXR1cmUvUm90c2tvZmYoMjAxOWEpR2xvYmFsLnBkZtIXCxgZV05TLmRhdGFPEQIAAAAAAAIAAAIAAAxNYWNpbnRvc2ggSEQAAAAAAAAAAAAAAAAAAADMMSECSCsAAAVWW7QZUm90c2tvZmYoMjAxOWEpR2xvYmFsLnBkZgAAAAAAAAAAAAAAAAAAAAAAAAAAAAAAAAAAAAAAAAAAAAAAAAAACDsSvdieMx4AAAAAAAAAAP////8AAAkgAAAAAAAAAAAAAAAAAAAAC2xpdHRlcmF0dXJlAAAQAAgAAMwxEvIAAAARAAgAANieMx4AAAABABgFVlu0BVZbfgVWWxwDOlmAAzpZfwACDfkAAgBlTWFjaW50b3NoIEhEOlVzZXJzOgBNaWNoYWVsQXJiZWw6AERvY3VtZW50czoAR2F0c2J5OgBSZXNlYXJjaDoAbGl0dGVyYXR1cmU6AFJvdHNrb2ZmKDIwMTlhKUdsb2JhbC5wZGYAAA4ANAAZAFIAbwB0AHMAawBvAGYAZgAoADIAMAAxADkAYQApAEcAbABvAGIAYQBsAC4AcABkAGYADwAaAAwATQBhAGMAaQBuAHQAbwBzAGgAIABIAEQAEgBSVXNlcnMvTWljaGFlbEFyYmVsL0RvY3VtZW50cy9HYXRzYnkvUmVzZWFyY2gvbGl0dGVyYXR1cmUvUm90c2tvZmYoMjAxOWEpR2xvYmFsLnBkZgATAAEvAAAVAAIAE///AACABtIbHB0eWiRjbGFzc25hbWVYJGNsYXNzZXNdTlNNdXRhYmxlRGF0YaMdHyBWTlNEYXRhWE5TT2JqZWN00hscIiNcTlNEaWN0aW9uYXJ5oiIgXxAPTlNLZXllZEFyY2hpdmVy0SYnVHJvb3SAAQAIABEAGgAjAC0AMgA3AEAARgBNAFUAYABnAGoAbABuAHEAcwB1AHcAhACOANwA4QDpAu0C7wL0Av8DCAMWAxoDIQMqAy8DPAM/A1EDVANZAAAAAAAAAgEAAAAAAAAAKAAAAAAAAAAAAAAAAAAAA1s=},
	Bdsk-File-2 = {YnBsaXN0MDDUAQIDBAUGJCVYJHZlcnNpb25YJG9iamVjdHNZJGFyY2hpdmVyVCR0b3ASAAGGoKgHCBMUFRYaIVUkbnVsbNMJCgsMDxJXTlMua2V5c1pOUy5vYmplY3RzViRjbGFzc6INDoACgAOiEBGABIAFgAdccmVsYXRpdmVQYXRoWWFsaWFzRGF0YV8QSy4uLy4uLy4uLy4uL0RvY3VtZW50cy9HYXRzYnkvUmVzZWFyY2gvbGl0dGVyYXR1cmUvUm90c2tvZmYoMjAxOWIpR2xvYmFsLnBkZtIXCxgZV05TLmRhdGFPEQIAAAAAAAIAAAIAAAxNYWNpbnRvc2ggSEQAAAAAAAAAAAAAAAAAAADMMSECSCsAAAVWW7QZUm90c2tvZmYoMjAxOWIpR2xvYmFsLnBkZgAAAAAAAAAAAAAAAAAAAAAAAAAAAAAAAAAAAAAAAAAAAAAAAAAACG8nMtjrrT4AAAAAAAAAAP////8AAAkgAAAAAAAAAAAAAAAAAAAAC2xpdHRlcmF0dXJlAAAQAAgAAMwxEvIAAAARAAgAANjrny4AAAABABgFVlu0BVZbfgVWWxwDOlmAAzpZfwACDfkAAgBlTWFjaW50b3NoIEhEOlVzZXJzOgBNaWNoYWVsQXJiZWw6AERvY3VtZW50czoAR2F0c2J5OgBSZXNlYXJjaDoAbGl0dGVyYXR1cmU6AFJvdHNrb2ZmKDIwMTliKUdsb2JhbC5wZGYAAA4ANAAZAFIAbwB0AHMAawBvAGYAZgAoADIAMAAxADkAYgApAEcAbABvAGIAYQBsAC4AcABkAGYADwAaAAwATQBhAGMAaQBuAHQAbwBzAGgAIABIAEQAEgBSVXNlcnMvTWljaGFlbEFyYmVsL0RvY3VtZW50cy9HYXRzYnkvUmVzZWFyY2gvbGl0dGVyYXR1cmUvUm90c2tvZmYoMjAxOWIpR2xvYmFsLnBkZgATAAEvAAAVAAIAE///AACABtIbHB0eWiRjbGFzc25hbWVYJGNsYXNzZXNdTlNNdXRhYmxlRGF0YaMdHyBWTlNEYXRhWE5TT2JqZWN00hscIiNcTlNEaWN0aW9uYXJ5oiIgXxAPTlNLZXllZEFyY2hpdmVy0SYnVHJvb3SAAQAIABEAGgAjAC0AMgA3AEAARgBNAFUAYABnAGoAbABuAHEAcwB1AHcAhACOANwA4QDpAu0C7wL0Av8DCAMWAxoDIQMqAy8DPAM/A1EDVANZAAAAAAAAAgEAAAAAAAAAKAAAAAAAAAAAAAAAAAAAA1s=}}

@article{jourdain2007nonlinear,
	title={Nonlinear SDEs driven by L$\backslash$'evy processes and related PDEs},
	author={Jourdain, Benjamin and M{\'e}l{\'e}ard, Sylvie and Woyczynski, Wojbor},
	journal={arXiv preprint arXiv:0707.2723},
	year={2007}
}

@article{sriperumbudur2010hilbert,
	title={Hilbert space embeddings and metrics on probability measures},
	author={Sriperumbudur, Bharath K and Gretton, Arthur and Fukumizu, Kenji and Sch{\"o}lkopf, Bernhard and Lanckriet, Gert RG},
	journal={Journal of Machine Learning Research},
	volume={11},
	number={Apr},
	pages={1517--1561},
	year={2010}
}

@incollection{sznitman1991topics,
	title={Topics in propagation of chaos},
	author={Sznitman, Alain-Sol},
	booktitle={Ecole d'{\'e}t{\'e} de probabilit{\'e}s de Saint-Flour XIXâ€”1989},
	pages={165--251},
	year={1991},
	publisher={Springer}
}

@article{rotskoff2019global,
	Author = {Rotskoff, Grant and Jelassi, Samy and Bruna, Joan and Vanden-Eijnden, Eric},
	Journal = {arXiv preprint arXiv:1902.01843},
	Title = {Global convergence of neuron birth-death dynamics},
	Year = {2019}}

@article{mroueh2018regularized,
	Author = {Mroueh, Youssef and Sercu, Tom and Raj, Anant},
	Journal = {arXiv preprint arXiv:1805.12062},
	Title = {Regularized Kernel and Neural Sobolev Descent: Dynamic MMD Transport},
	Year = {2018}}

@article{li2017gradient,
	Author = {Li, Yingzhen and Turner, Richard E},
	Journal = {arXiv preprint arXiv:1705.07107},
	Title = {Gradient estimators for implicit models},
	Year = {2017}}

@book{ito1951stochastic,
	Author = {It{\^o}, Kiyosi},
	Publisher = {American Mathematical Soc.},
	Title = {On stochastic differential equations},
	Volume = {4},
	Year = {1951}}

@article{Arbel:2018,
	Abstract = {We propose a principled method for gradient-based regularization of the critic of GAN-like models trained by adversarially optimizing the kernel of a Maximum Mean Discrepancy (MMD). We show that controlling the gradient of the critic is vital to having a sensible loss function, and devise a method to enforce exact, analytical gradient constraints at no additional cost compared to existing approximate techniques based on additive regularizers. The new loss function is provably continuous, and experiments show that it stabilizes and accelerates training, giving image generation models that outperform state-of-the art methods on \$160 {\textbackslash}times 160\$ CelebA and \$64 {\textbackslash}times 64\$ unconditional ImageNet.},
	Annote = {Comment: Code available at https://github.com/MichaelArbel/Scaled-MMD-GAN . v2: NIPS camera-ready version},
	Author = {Arbel, Michael and Sutherland, Dougal J. and Bi{\'n}kowski, Miko{\l}aj and Gretton, Arthur},
	Date-Added = {2019-04-19 13:59:35 +0000},
	Date-Modified = {2019-04-19 13:59:35 +0000},
	Journal = {arXiv:1805.11565 [cs, stat]},
	Keywords = {Statistics - Machine Learning, Computer Science - Machine Learning},
	Month = may,
	Note = {arXiv: 1805.11565},
	Title = {On gradient regularizers for {MMD} {GANs}},
	Url = {http://arxiv.org/abs/1805.11565},
	Urldate = {2018-11-01},
	Year = {2018},
	Bdsk-File-1 = {YnBsaXN0MDDUAQIDBAUGJCVYJHZlcnNpb25YJG9iamVjdHNZJGFyY2hpdmVyVCR0b3ASAAGGoKgHCBMUFRYaIVUkbnVsbNMJCgsMDxJXTlMua2V5c1pOUy5vYmplY3RzViRjbGFzc6INDoACgAOiEBGABIAFgAdccmVsYXRpdmVQYXRoWWFsaWFzRGF0YV8QTS4uLy4uLy4uLy4uL0RvY3VtZW50cy9HYXRzYnkvUmVzZWFyY2gvbGl0dGVyYXR1cmUvQXJiZWwoMjAxOGEpT24gZ3JhZGllbnQucGRm0hcLGBlXTlMuZGF0YU8RAggAAAAAAggAAgAADE1hY2ludG9zaCBIRAAAAAAAAAAAAAAAAAAAAMwxIQJIKwAABVZbtBtBcmJlbCgyMDE4YSlPbiBncmFkaWVudC5wZGYAAAAAAAAAAAAAAAAAAAAAAAAAAAAAAAAAAAAAAAAAAAAAAAAH3e772ACijAAAAAAAAAAA/////wAACSAAAAAAAAAAAAAAAAAAAAALbGl0dGVyYXR1cmUAABAACAAAzDES8gAAABEACAAA2ACijAAAAAEAGAVWW7QFVlt+BVZbHAM6WYADOll/AAIN+QACAGdNYWNpbnRvc2ggSEQ6VXNlcnM6AE1pY2hhZWxBcmJlbDoARG9jdW1lbnRzOgBHYXRzYnk6AFJlc2VhcmNoOgBsaXR0ZXJhdHVyZToAQXJiZWwoMjAxOGEpT24gZ3JhZGllbnQucGRmAAAOADgAGwBBAHIAYgBlAGwAKAAyADAAMQA4AGEAKQBPAG4AIABnAHIAYQBkAGkAZQBuAHQALgBwAGQAZgAPABoADABNAGEAYwBpAG4AdABvAHMAaAAgAEgARAASAFRVc2Vycy9NaWNoYWVsQXJiZWwvRG9jdW1lbnRzL0dhdHNieS9SZXNlYXJjaC9saXR0ZXJhdHVyZS9BcmJlbCgyMDE4YSlPbiBncmFkaWVudC5wZGYAEwABLwAAFQACABP//wAAgAbSGxwdHlokY2xhc3NuYW1lWCRjbGFzc2VzXU5TTXV0YWJsZURhdGGjHR8gVk5TRGF0YVhOU09iamVjdNIbHCIjXE5TRGljdGlvbmFyeaIiIF8QD05TS2V5ZWRBcmNoaXZlctEmJ1Ryb290gAEACAARABoAIwAtADIANwBAAEYATQBVAGAAZwBqAGwAbgBxAHMAdQB3AIQAjgDeAOMA6wL3AvkC/gMJAxIDIAMkAysDNAM5A0YDSQNbA14DYwAAAAAAAAIBAAAAAAAAACgAAAAAAAAAAAAAAAAAAANl},
	Bdsk-Url-1 = {http://arxiv.org/abs/1805.11565}}

@misc{Santambrogio:2015,
	Author = {Filippo Santambrogio},
	Date-Added = {2019-04-18 15:39:38 +0000},
	Date-Modified = {2019-04-18 15:39:38 +0000},
	Title = {Optimal Transport for Applied Mathematicians},
	Year = {2015},
	Bdsk-File-1 = {YnBsaXN0MDDUAQIDBAUGJCVYJHZlcnNpb25YJG9iamVjdHNZJGFyY2hpdmVyVCR0b3ASAAGGoKgHCBMUFRYaIVUkbnVsbNMJCgsMDxJXTlMua2V5c1pOUy5vYmplY3RzViRjbGFzc6INDoACgAOiEBGABIAFgAdccmVsYXRpdmVQYXRoWWFsaWFzRGF0YV8QUC4uLy4uLy4uLy4uL0RvY3VtZW50cy9HYXRzYnkvUmVzZWFyY2gvbGl0dGVyYXR1cmUvU2FudGFtYnJvZ2lvKDIwMTVhKU9wdGltYWwucGRm0hcLGBlXTlMuZGF0YU8RAhQAAAAAAhQAAgAADE1hY2ludG9zaCBIRAAAAAAAAAAAAAAAAAAAAMwxIQJIKwAABVZbtB5TYW50YW1icm9naW8oMjAxNWEpT3B0aW1hbC5wZGYAAAAAAAAAAAAAAAAAAAAAAAAAAAAAAAAAAAAAAAAAAAAHPr1u1qnyeAAAAAAAAAAA/////wAACSAAAAAAAAAAAAAAAAAAAAALbGl0dGVyYXR1cmUAABAACAAAzDES8gAAABEACAAA1qnyeAAAAAEAGAVWW7QFVlt+BVZbHAM6WYADOll/AAIN+QACAGpNYWNpbnRvc2ggSEQ6VXNlcnM6AE1pY2hhZWxBcmJlbDoARG9jdW1lbnRzOgBHYXRzYnk6AFJlc2VhcmNoOgBsaXR0ZXJhdHVyZToAU2FudGFtYnJvZ2lvKDIwMTVhKU9wdGltYWwucGRmAA4APgAeAFMAYQBuAHQAYQBtAGIAcgBvAGcAaQBvACgAMgAwADEANQBhACkATwBwAHQAaQBtAGEAbAAuAHAAZABmAA8AGgAMAE0AYQBjAGkAbgB0AG8AcwBoACAASABEABIAV1VzZXJzL01pY2hhZWxBcmJlbC9Eb2N1bWVudHMvR2F0c2J5L1Jlc2VhcmNoL2xpdHRlcmF0dXJlL1NhbnRhbWJyb2dpbygyMDE1YSlPcHRpbWFsLnBkZgAAEwABLwAAFQACABP//wAAgAbSGxwdHlokY2xhc3NuYW1lWCRjbGFzc2VzXU5TTXV0YWJsZURhdGGjHR8gVk5TRGF0YVhOU09iamVjdNIbHCIjXE5TRGljdGlvbmFyeaIiIF8QD05TS2V5ZWRBcmNoaXZlctEmJ1Ryb290gAEACAARABoAIwAtADIANwBAAEYATQBVAGAAZwBqAGwAbgBxAHMAdQB3AIQAjgDhAOYA7gMGAwgDDQMYAyEDLwMzAzoDQwNIA1UDWANqA20DcgAAAAAAAAIBAAAAAAAAACgAAAAAAAAAAAAAAAAAAAN0}}

@article{santambrogio2017euclidean,
	Author = {Santambrogio, Filippo},
	Journal = {Bulletin of Mathematical Sciences},
	Number = {1},
	Pages = {87--154},
	Publisher = {Springer},
	Title = {$\{$Euclidean, metric, and Wasserstein$\}$ gradient flows: an overview},
	Volume = {7},
	Year = {2017}}

@book{ambrosio2008gradient,
	Author = {Ambrosio, Luigi and Gigli, Nicola and Savar{\'e}, Giuseppe},
	Publisher = {Springer Science \& Business Media},
	Title = {Gradient flows: in metric spaces and in the space of probability measures},
	Year = {2008}}

@article{wibisono2018sampling,
	Author = {Wibisono, Andre},
	Journal = {arXiv preprint arXiv:1802.08089},
	Title = {Sampling as optimization in the space of measures: The Langevin dynamics as a composite optimization problem},
	Year = {2018}}

@article{mmd-jmlr,
	Author = {Gretton, A. and Borgwardt, K. M. and Rasch, M. J. and Sch{\"{o}}lkopf, B. and Smola, A. J.},
	Date-Added = {2019-04-02 12:33:53 +0000},
	Date-Modified = {2019-04-02 12:33:53 +0000},
	Journal = {JMLR},
	Title = {A Kernel Two-Sample Test},
	Volume = {13},
	Year = {2012}}

@inproceedings{likelihoods-vs-samples,
	Archiveprefix = {arXiv},
	Author = {Theis, L. and van den Oord, A. and Bethge, M.},
	Booktitle = {ICLR},
	Date-Added = {2019-04-02 12:33:53 +0000},
	Date-Modified = {2019-04-02 12:33:53 +0000},
	Eprint = {1511.01844},
	Title = {A note on the evaluation of generative models},
	Year = {2016}}

@misc{note-on-inception,
	Archiveprefix = {arXiv},
	Author = {Shane Barratt and Rishi Sharma},
	Date-Added = {2019-04-02 12:33:53 +0000},
	Date-Modified = {2019-04-02 12:33:53 +0000},
	Eprint = {1801.01973},
	Title = {A Note on the Inception Score},
	Year = {2018}}

@article{owen:integrals,
	Author = {Owen, D. B.},
	Date-Added = {2019-04-02 12:33:53 +0000},
	Date-Modified = {2019-04-02 12:33:53 +0000},
	Number = {4},
	Pages = {389--419},
	Title = {A table of normal integrals},
	Volume = {9},
	Year = {1980}}

@inproceedings{3sample,
	Archiveprefix = {arXiv},
	Author = {W. Bounliphone and E. Belilovsky and M. B. Blaschko and I. Antonoglou and A. Gretton},
	Booktitle = {ICLR},
	Date-Added = {2019-04-02 12:33:53 +0000},
	Date-Modified = {2019-04-02 12:33:53 +0000},
	Eprint = {1511.04581},
	Title = {A Test of Relative Similarity For Model Selection in Generative Models},
	Year = {2016}}

@inproceedings{adam,
	Archiveprefix = {arXiv},
	Author = {Kingma, D. and Ba, J.},
	Booktitle = {ICLR},
	Date-Added = {2019-04-02 12:33:53 +0000},
	Date-Modified = {2019-04-02 12:33:53 +0000},
	Eprint = {1412.6980},
	Title = {Adam: A Method for Stochastic Optimization},
	Year = {2015}}

@misc{empirical-evaluation,
	Author = {Gao Huang and Yang Yuan and Qiantong Xu and Chuan Guo and Yu Sun and Felix Wu and Kilian Weinberger},
	Date-Added = {2019-04-02 12:33:53 +0000},
	Date-Modified = {2019-04-02 12:33:53 +0000},
	Title = {An empirical study on evaluation metrics of generative adversarial networks},
	Url = {https://openreview.net/forum?id=Sy1f0e-R-},
	Year = {2018},
	Bdsk-Url-1 = {https://openreview.net/forum?id=Sy1f0e-R-}}

@inproceedings{approx-convergence-props,
	Archiveprefix = {arXiv},
	Author = {Liu, S. and Bousquet, O. and Chaudhuri, K.},
	Booktitle = {NIPS},
	Date-Added = {2019-04-02 12:33:53 +0000},
	Date-Modified = {2019-04-02 12:33:53 +0000},
	Eprint = {1705.08991},
	Title = {Approximation and Convergence Properties of Generative Adversarial Learning},
	Year = {2017}}

@misc{began,
	Archiveprefix = {arXiv},
	Author = {D. Berthelot and T. Schumm and L. Metz},
	Date-Added = {2019-04-02 12:33:53 +0000},
	Date-Modified = {2019-04-02 12:33:53 +0000},
	Eprint = {1703.10717},
	Title = {{BEGAN}: Boundary Equilibrium Generative Adversarial Networks},
	Year = {2017}}

@inproceedings{BenMesDauRif13,
	Archiveprefix = {arXiv},
	Author = {Y. Bengio and G. Mesnil and Y. Dauphin and S. Rifai},
	Booktitle = {ICML},
	Date-Added = {2019-04-02 12:33:53 +0000},
	Date-Modified = {2019-04-02 12:33:53 +0000},
	Eprint = {1207.4404},
	Title = {Better mixing via deep representations},
	Year = {2013}}

@inproceedings{beyond-face-rotation,
	Archiveprefix = {arXiv},
	Author = {R. Huang and S. Zhang and T. Li and R. He},
	Booktitle = {ICCV},
	Date-Added = {2019-04-02 12:33:53 +0000},
	Date-Modified = {2019-04-02 12:33:53 +0000},
	Eprint = {1704.04086},
	Title = {Beyond Face Rotation: Global and Local Perception {GAN} for Photorealistic and Identity Preserving Frontal View Synthesis},
	Year = {2017}}

@inproceedings{Hjelm:2018,
	Author = {Hjelm, {R. Devon} and Jacob, {Athul Paul} and Che, Tong and Trischler, Adam and Cho, Kyunghyun and Bengio,Yoshua},
	Booktitle = {ICLR},
	Date-Added = {2019-04-02 12:33:53 +0000},
	Date-Modified = {2019-04-02 12:33:53 +0000},
	Title = {Boundary-Seeking Generative Adversarial Networks},
	Year = {2018}}

@inproceedings{b-test,
	Archiveprefix = {arXiv},
	Author = {Zaremba, W. and Gretton, A. and Blaschko, M. B.},
	Booktitle = {NIPS},
	Date-Added = {2019-04-02 12:33:53 +0000},
	Date-Modified = {2019-04-02 12:33:53 +0000},
	Eprint = {1307.1954},
	Title = {B-tests: Low Variance Kernel Two-Sample Tests},
	Year = {2013}}

@misc{gan-vs-ml-realnvp,
	Archiveprefix = {arXiv},
	Author = {Danihelka, I. and Lakshminarayanan, B. and Uria, B. and Wierstra, D. and Dayan, P.},
	Date-Added = {2019-04-02 12:33:53 +0000},
	Date-Modified = {2019-04-02 12:33:53 +0000},
	Eprint = {1705.05263},
	Title = {Comparison of Maximum Likelihood and {GAN}-based training of {R}eal {NVP}s},
	Year = {2017}}

@inproceedings{coulomb-gan,
	Archiveprefix = {arXiv},
	Arxivid = {1708.08819},
	Author = {Unterthiner, Thomas and Nessler, Bernhard and Seward, Calvin and Klambauer, G{\"{u}}nter and Heusel, Martin and Ramsauer, Hubert and Hochreiter, Sepp},
	Booktitle = {ICLR},
	Date-Added = {2019-04-02 12:33:53 +0000},
	Date-Modified = {2019-04-02 12:33:53 +0000},
	Eprint = {1708.08819},
	Title = {{C}oulomb {GAN}s: Provably Optimal Nash Equilibria via Potential Fields},
	Year = {2018}}

@inproceedings{celeba,
	Author = {Liu, Z. and Luo, P. and Wang, X. and Tang, X.},
	Booktitle = {ICCV},
	Date-Added = {2019-04-02 12:33:53 +0000},
	Date-Modified = {2019-04-02 12:33:53 +0000},
	Title = {Deep learning face attributes in the wild},
	Year = {2015}}

@inproceedings{Binkowski:2018,
	Archiveprefix = {arXiv},
	Author = {Bi{\'n}kowski, Miko{\l}aj and Sutherland, Dougal J. and Arbel, Michael and Gretton, Arthur},
	Booktitle = {ICLR},
	Date-Added = {2019-04-02 12:33:53 +0000},
	Date-Modified = {2019-04-02 12:33:53 +0000},
	Eprint = {1801.01401},
	Title = {Demystifying {MMD} {GANs}},
	Year = {2018}}

@inproceedings{real-nvp,
	Archiveprefix = {arXiv},
	Author = {Dinh, L. and Sohl-Dickstein, J. and Bengio, S.},
	Booktitle = {ICLR},
	Date-Added = {2019-04-02 12:33:53 +0000},
	Date-Modified = {2019-04-02 12:33:53 +0000},
	Eprint = {1605.08803},
	Title = {Density estimation using Real {NVP}},
	Year = {2017}}

@incollection{Bouchacourt:2016,
	Author = {Bouchacourt, D. and Mudigonda, P. K. and Nowozin, S.},
	Booktitle = {NIPS},
	Date-Added = {2019-04-02 12:33:53 +0000},
	Date-Modified = {2019-04-02 12:33:53 +0000},
	Pages = {352--360},
	Title = {{DISCO} Nets: {DIS}similarity {CO}efficients Networks},
	Year = {2016}}

@article{Lyons13,
	Author = {R. Lyons},
	Date-Added = {2019-04-02 12:33:53 +0000},
	Date-Modified = {2019-04-02 12:33:53 +0000},
	Journal = {The Annals of Probability},
	Number = {5},
	Pages = {3051--3696},
	Title = {Distance covariance in metric spaces},
	Volume = {41},
	Year = {2013}}

@misc{dan,
	Archiveprefix = {arXiv},
	Author = {Li, C. and Alvarez-Melis, D. and Xu, K. and Jegelka, S. and Sra, S.},
	Date-Added = {2019-04-02 12:33:53 +0000},
	Date-Modified = {2019-04-02 12:33:53 +0000},
	Eprint = {1706.09549},
	Title = {Distributional Adversarial Networks},
	Year = {2017}}

@misc{birthday-test,
	Archiveprefix = {arXiv},
	Author = {Arora, S. and Zhang, Y.},
	Date-Added = {2019-04-02 12:33:53 +0000},
	Date-Modified = {2019-04-02 12:33:53 +0000},
	Eprint = {1706.08224},
	Title = {Do {GAN}s actually learn the distribution? {A}n empirical study},
	Year = {2017}}

@article{envelope-thm,
	Author = {P. Milgrom and I. Segal},
	Date-Added = {2019-04-02 12:33:53 +0000},
	Date-Modified = {2019-04-02 12:33:53 +0000},
	Journal = {Econometrica},
	Number = {2},
	Pages = {583--601},
	Title = {Envelope theorems for arbitrary choice sets},
	Volume = {70},
	Year = {2002}}

@article{energy-dist-is-mmd,
	Archiveprefix = {arXiv},
	Author = {Sejdinovic, D. and Sriperumbudur, B. K. and Gretton, A. and Fukumizu, K.},
	Date-Added = {2019-04-02 12:33:53 +0000},
	Date-Modified = {2019-04-02 12:33:53 +0000},
	Eprint = {1207.6076},
	Journal = {The Annals of Stastistics},
	Number = {5},
	Pages = {2263--2291},
	Title = {Equivalence of distance-based and {RKHS}-based statistics in hypothesis testing},
	Volume = {41},
	Year = {2013}}

@inproceedings{elu,
	Archiveprefix = {arXiv},
	Author = {Clevert, D.-A. and Unterthiner, T. and Hochreiter, S.},
	Booktitle = {ICLR},
	Date-Added = {2019-04-02 12:33:53 +0000},
	Date-Modified = {2019-04-02 12:33:53 +0000},
	Eprint = {1511.07289},
	Title = {Fast and Accurate Deep Network Learning by Exponential Linear Units ({ELU}s)},
	Year = {2016}}

@inproceedings{NowBotRyo16,
	Archiveprefix = {arXiv},
	Author = {S. Nowozin and B. Cseke and R. Tomioka},
	Booktitle = {NIPS},
	Date-Added = {2019-04-02 12:33:53 +0000},
	Date-Modified = {2019-04-02 12:33:53 +0000},
	Eprint = {1606.00709},
	Title = {f-{GAN}: Training Generative Neural Samplers using Variational Divergence Minimization},
	Year = {2016}}

@misc{first-order-gans,
	Archiveprefix = {arXiv},
	Arxivid = {1802.04591},
	Author = {Seward, Calvin and Unterthiner, Thomas and Bergmann, Urs and Jetchev, Nikolay and Hochreiter, Sepp},
	Date-Added = {2019-04-02 12:33:53 +0000},
	Date-Modified = {2019-04-02 12:33:53 +0000},
	Eprint = {1802.04591},
	Title = {First Order Generative Adversarial Networks},
	Year = {2018}}

@inproceedings{fisher-gan,
	Archiveprefix = {arXiv},
	Author = {Mroueh, Youssef and Sercu, Tom},
	Booktitle = {NIPS},
	Date-Added = {2019-04-02 12:33:53 +0000},
	Date-Modified = {2019-04-02 12:33:53 +0000},
	Eprint = {1705.09675},
	Title = {{F}isher {GAN}},
	Year = {2017}}

@inproceedings{fid,
	Archiveprefix = {arXiv},
	Author = {Heusel, M. and Ramsauer, H. and Unterthiner, T. and Nessler, B. and Klambauer, G. and Hochreiter, S.},
	Booktitle = {NIPS},
	Date-Added = {2019-04-02 12:33:53 +0000},
	Date-Modified = {2019-04-02 12:33:53 +0000},
	Eprint = {1706.08500},
	Title = {{GAN}s Trained by a Two Time-Scale Update Rule Converge to a {N}ash Equilibrium},
	Year = {2017}}

@book{RasWil06,
	Address = {Cambridge, MA},
	Author = {C. E. Rasmussen and C. K. I. Williams},
	Date-Added = {2019-04-02 12:33:53 +0000},
	Date-Modified = {2019-04-02 12:33:53 +0000},
	Publisher = {MIT Press},
	Title = {Gaussian Processes for Machine Learning},
	Year = {2006}}

@inproceedings{arora:gen-equilibrium,
	Archiveprefix = {arXiv},
	Author = {Arora, S. and Ge, R. and Liang, Y. and Ma, T. and Zhang, Y.},
	Booktitle = {ICML},
	Date-Added = {2019-04-02 12:33:53 +0000},
	Date-Modified = {2019-04-02 12:33:53 +0000},
	Eprint = {1703.00573},
	Title = {Generalization and Equilibrium in Generative Adversarial Nets ({GAN}s)},
	Year = {2017}}

@inproceedings{gans,
	Archiveprefix = {arXiv},
	Author = {Goodfellow, I. and Pouget-Abadie, J. and Mirza, M. and Xu, B. and Warde-Farley, D. and Ozair, S. and Courville, A. and Bengio, Y.},
	Booktitle = {NIPS},
	Date-Added = {2019-04-02 12:33:53 +0000},
	Date-Modified = {2019-04-02 12:33:53 +0000},
	Eprint = {1406.2661},
	Title = {Generative Adversarial Nets},
	Year = {2014}}

@inproceedings{opt-mmd,
	Archiveprefix = {arXiv},
	Author = {Sutherland, D. J. and Tung, H.-Y. and Strathmann, H. and De, S. and Ramdas, A. and Smola, A. and Gretton, A.},
	Booktitle = {ICLR},
	Date-Added = {2019-04-02 12:33:53 +0000},
	Date-Modified = {2019-04-02 12:33:53 +0000},
	Eprint = {1611.04488},
	Title = {Generative Models and Model Criticism via Optimized Maximum Mean Discrepancy},
	Year = {2017}}

@inproceedings{gmmn,
	Archiveprefix = {arXiv},
	Author = {Li, Y. and Swersky, K. and Zemel, R.},
	Booktitle = {ICML},
	Date-Added = {2019-04-02 12:33:53 +0000},
	Date-Modified = {2019-04-02 12:33:53 +0000},
	Eprint = {1502.02761},
	Title = {Generative Moment Matching Networks},
	Year = {2015}}

@misc{Bottou:2017,
	Archiveprefix = {arXiv},
	Author = {Leon Bottou and Martin Arjovsky and David Lopez-Paz and Maxime Oquab},
	Date-Added = {2019-04-02 12:33:53 +0000},
	Date-Modified = {2019-04-02 12:33:53 +0000},
	Eprint = {1712.07822},
	Title = {Geometrical Insights for Implicit Generative Modeling},
	Year = {2017}}

@article{lenet,
	Author = {LeCun, Y. and Bottou, L. and Bengio, Y. and Haffner, P.},
	Date-Added = {2019-04-02 12:33:53 +0000},
	Date-Modified = {2019-04-02 12:33:53 +0000},
	Journal = {Proceedings of the IEEE},
	Title = {Gradient-Based Learning Applied to Document Recognition},
	Year = {1998}}

@article{SriGreFukLanetal10,
	Archiveprefix = {arXiv},
	Author = {B. K. Sriperumbudur and A. Gretton and K. Fukumizu and G. R. G. Lanckriet and B. Sch{\"o}lkopf},
	Date-Added = {2019-04-02 12:33:53 +0000},
	Date-Modified = {2019-04-02 12:33:53 +0000},
	Eprint = {0907.5309},
	Journal = {JMLR},
	Pages = {1517--1561},
	Title = {Hilbert Space Embeddings and Metrics on Probability Measures},
	Volume = {11},
	Year = {2010}}

@misc{how-not-to-train,
	Archiveprefix = {arXiv},
	Author = {Husz\'ar, Ferenc},
	Date-Added = {2019-04-02 12:33:53 +0000},
	Date-Modified = {2019-04-02 12:33:53 +0000},
	Eprint = {1511.05101},
	Title = {How (not) to Train your Generative Model: Scheduled Sampling, Likelihood, Adversary?},
	Year = {2015}}

@misc{Russakovsky:2014,
	Archiveprefix = {arXiv},
	Author = {Russakovsky, Olga and Deng, Jia and Su, Hao and Krause, Jonathan and Satheesh, Sanjeev and Ma, Sean and Huang, Zhiheng and Karpathy, Andrej and Khosla, Aditya and Bernstein, Michael and Berg, Alexander C. and Fei-Fei, Li},
	Date-Added = {2019-04-02 12:33:53 +0000},
	Date-Modified = {2019-04-02 12:33:53 +0000},
	Eprint = {1409.0575},
	Title = {{ImageNet} Large Scale Visual Recognition Challenge},
	Year = {2014}}

@inproceedings{improved-gen-obj,
	Archiveprefix = {arXiv},
	Author = {Poole, Ben and Alemi, Alexander A. and Sohl-Dickstein, Jascha and Angelova, Anelia},
	Booktitle = {NIPS Workshop on Adversarial Training},
	Date-Added = {2019-04-02 12:33:53 +0000},
	Date-Modified = {2019-04-02 12:33:53 +0000},
	Eprint = {1612.02780},
	Title = {Improved generator objectives for {GAN}s},
	Year = {2016}}

@inproceedings{improved-gans,
	Archiveprefix = {arXiv},
	Author = {Salimans, T. and Goodfellow, I. and Zaremba, W. and Cheung, V. and Radford, A. and Chen, X.},
	Booktitle = {NIPS},
	Date-Added = {2019-04-02 12:33:53 +0000},
	Date-Modified = {2019-04-02 12:33:53 +0000},
	Eprint = {1606.03498},
	Title = {Improved Techniques for Training {GAN}s},
	Year = {2016}}

@inproceedings{wgan-gp,
	Archiveprefix = {arXiv},
	Author = {Gulrajani, I. and Ahmed, F. and Arjovsky, M. and Dumoulin, V. and Courville, A.},
	Booktitle = {NIPS},
	Date-Added = {2019-04-02 12:33:53 +0000},
	Date-Modified = {2019-04-02 12:33:53 +0000},
	Eprint = {1704.00028},
	Title = {Improved Training of {W}asserstein {GAN}s},
	Year = {2017}}

@article{Mueller97,
	Author = {A. M{\"u}ller},
	Date-Added = {2019-04-02 12:33:53 +0000},
	Date-Modified = {2019-04-02 12:33:53 +0000},
	Journal = {Advances in Applied Probability},
	Number = {2},
	Pages = {429--443},
	Title = {Integral Probability Metrics and their Generating Classes of Functions},
	Volume = {29},
	Year = {1997}}

@inproceedings{adversarial,
	Archiveprefix = {arXiv},
	Author = {Szegedy, C. and Zaremba, W. and Sutskever, I. and Bruna, J. and Erhan, D. and Goodfellow, I. and Fergus, R.},
	Booktitle = {ICLR},
	Date-Added = {2019-04-02 12:33:53 +0000},
	Date-Modified = {2019-04-02 12:33:53 +0000},
	Eprint = {1312.6199},
	Title = {Intriguing properties of neural networks},
	Year = {2014}}

@inproceedings{kernel-choice-mmd,
	Author = {Sriperumbudur, B. K. and Fukumizu, K. and Gretton, A. and Lanckriet, G. R. G. and Sch{\"{o}}lkopf, B.},
	Booktitle = {NIPS},
	Date-Added = {2019-04-02 12:33:53 +0000},
	Date-Modified = {2019-04-02 12:33:53 +0000},
	Title = {Kernel choice and classifiability for {RKHS} embeddings of probability distributions},
	Year = {2009}}

@book{shawe-taylor-christianini,
	Author = {Shawe-Taylor, John and Cristianini, Nello},
	Date-Added = {2019-04-02 12:33:53 +0000},
	Date-Modified = {2019-04-02 12:33:53 +0000},
	Publisher = {Cambridge University Press},
	Title = {Kernel Methods for Pattern Analysis},
	Year = {2004}}

@inproceedings{sinkhorn-igm,
	Archiveprefix = {arXiv},
	Author = {Aude Genevay and Gabriel Peyr{\'e} and Marco Cuturi},
	Booktitle = {AISTATS},
	Date-Added = {2019-04-02 12:33:53 +0000},
	Date-Modified = {2019-04-02 12:33:53 +0000},
	Eprint = {1706.00292},
	Title = {Learning Generative Models with {S}inkhorn Divergences},
	Year = {2018}}

@misc{igms,
	Archiveprefix = {arXiv},
	Author = {Mohamed, Shakir and Lakshminarayanan, Balaji},
	Date-Added = {2019-04-02 12:33:53 +0000},
	Date-Modified = {2019-04-02 12:33:53 +0000},
	Eprint = {1610.03483},
	Title = {Learning in Implicit Generative Models},
	Year = {2016}}

@misc{cifar10,
	Author = {Krizhevsky, A.},
	Date-Added = {2019-04-02 12:33:53 +0000},
	Date-Modified = {2019-04-02 12:33:53 +0000},
	Title = {Learning Multiple Layers of Features from Tiny Images},
	Year = {2009}}

@misc{lsun,
	Archiveprefix = {arXiv},
	Author = {Yu, F. and Zhang, Y. and Song, S. and Seff, A. and Xiao, J.},
	Date-Added = {2019-04-02 12:33:53 +0000},
	Date-Modified = {2019-04-02 12:33:53 +0000},
	Eprint = {1506.03365},
	Title = {{LSUN}: Construction of a Large-scale Image Dataset using Deep Learning with Humans in the Loop},
	Year = {2015}}

@inproceedings{many-paths,
	Archiveprefix = {arXiv},
	Author = {W. Fedus and M. Rosca and B. Lakshminarayanan and A. M. Dai and S. Mohamed and I. Goodfellow},
	Booktitle = {ICLR},
	Date-Added = {2019-04-02 12:33:53 +0000},
	Date-Modified = {2019-04-02 12:33:53 +0000},
	Eprint = {1710.08446},
	Title = {Many Paths to Equilibrium: {GAN}s Do Not Need to Decrease a Divergence At Every Step},
	Year = {2018}}

@inproceedings{mcgan,
	Archiveprefix = {arXiv},
	Author = {Mroueh, Youssef and Sercu, Tom and Goel, V.},
	Booktitle = {ICML},
	Date-Added = {2019-04-02 12:33:53 +0000},
	Date-Modified = {2019-04-02 12:33:53 +0000},
	Eprint = {1702.08398},
	Title = {{McGan}: Mean and Covariance Feature Matching {GAN}},
	Year = {2017}}

@incollection{Bousquet:2004,
	Author = {Bousquet, Olivier and Chapelle, Olivier and Hein, Matthias},
	Booktitle = {NIPS},
	Date-Added = {2019-04-02 12:33:53 +0000},
	Date-Modified = {2019-04-02 12:33:53 +0000},
	Title = {Measure Based Regularization},
	Year = {2004}}

@inproceedings{mmd-gan,
	Archiveprefix = {arXiv},
	Author = {Li, C.-L. and Chang, W.-C. and Cheng, Y. and Yang, Y. and P{\'{o}}czos, B.},
	Booktitle = {NIPS},
	Date-Added = {2019-04-02 12:33:53 +0000},
	Date-Modified = {2019-04-02 12:33:53 +0000},
	Eprint = {1705.08584},
	Title = {{MMD GAN}: Towards Deeper Understanding of Moment Matching Network},
	Year = {2017}}

@misc{mnist,
	Author = {LeCun, Yann and Cortes, Corinna},
	Date-Added = {2019-04-02 12:33:53 +0000},
	Date-Modified = {2019-04-02 12:33:53 +0000},
	Howpublished = {http://yann.lecun.com/exdb/mnist/},
	Title = {{MNIST} handwritten digit database},
	Url = {http://yann.lecun.com/exdb/mnist/},
	Year = {2010},
	Bdsk-Url-1 = {http://yann.lecun.com/exdb/mnist/}}

@article{rosenbaum,
	Author = {Rosenbaum, S.},
	Date-Added = {2019-04-02 12:33:53 +0000},
	Date-Modified = {2019-04-02 12:33:53 +0000},
	Journal = {JRSS B},
	Pages = {405--408},
	Title = {Moments of a Truncated Bivariate Normal Distribution},
	Volume = {23},
	Year = {1961}}

@misc{munit,
	Archiveprefix = {arXiv},
	Arxivid = {1804.04732},
	Author = {Huang, Xun and Liu, Ming-Yu and Belongie, Serge and Kautz, Jan},
	Date-Added = {2019-04-02 12:33:53 +0000},
	Date-Modified = {2019-04-02 12:33:53 +0000},
	Eprint = {1804.04732},
	Title = {Multimodal Unsupervised Image-to-Image Translation},
	Year = {2018}}

@article{Brock:2016,
	Author = {Brock, Andrew and Lim, Theodore and Ritchie, J. M. and Weston, Nick},
	Date-Added = {2019-04-02 12:33:53 +0000},
	Date-Modified = {2019-04-02 12:33:53 +0000},
	Language = {en},
	Month = sep,
	Title = {Neural {Photo} {Editing} with {Introspective} {Adversarial} {Networks}},
	Url = {https://arxiv.org/abs/1609.07093},
	Urldate = {2018-06-19},
	Year = {2016},
	Bdsk-Url-1 = {https://arxiv.org/abs/1609.07093}}

@article{gan-tutorial,
	Archiveprefix = {arXiv},
	Author = {Goodfellow, I.},
	Date-Added = {2019-04-02 12:33:53 +0000},
	Date-Modified = {2019-04-02 12:33:53 +0000},
	Eprint = {1701.00160},
	Title = {{NIPS} 2016 Tutorial: Generative Adversarial Networks},
	Year = {2016}}

@misc{ipms-phi-clf,
	Archiveprefix = {arXiv},
	Author = {Sriperumbudur, B. K. and Fukumizu, K. and Gretton, A. and Sch{\"{o}}lkopf, B. and Lanckriet, G. R. G.},
	Date-Added = {2019-04-02 12:33:53 +0000},
	Date-Modified = {2019-04-02 12:33:53 +0000},
	Eprint = {0901.2698},
	Title = {On integral probability metrics, phi-divergences and binary classification},
	Year = {2009}}

@article{ipm-empirical-est,
	Author = {Sriperumbudur, B. K. and Fukumizu, K. and Gretton, A. and Sch{\"{o}}lkopf, B. and Lanckriet, G. R. G.},
	Date-Added = {2019-04-02 12:33:53 +0000},
	Date-Modified = {2019-04-02 12:33:53 +0000},
	Journal = {Electronic Journal of Statistics},
	Pages = {1550--1599},
	Title = {On the empirical estimation of integral probability metrics},
	Volume = {6},
	Year = {2012}}

@article{opt-est-probabilities,
	Archiveprefix = {arXiv},
	Author = {Sriperumbudur, Bharath},
	Date-Added = {2019-04-02 12:33:53 +0000},
	Date-Modified = {2019-04-02 12:33:53 +0000},
	Eprint = {1310.8240},
	Journal = {Bernoulli},
	Number = {3},
	Pages = {1839--1893},
	Title = {On the optimal estimation of probability mesaures in weak and strong topologies},
	Volume = {22},
	Year = {2016}}

@mastersthesis{energy-distance-gan,
	Author = {L. Liu},
	Date-Added = {2019-04-02 12:33:53 +0000},
	Date-Modified = {2019-04-02 12:33:53 +0000},
	Month = {April},
	School = {University of Princeton Senior Thesis},
	Title = {On the Two-Sample Statistic Approach to Generative Adversarial Networks},
	Url = {http://arks.princeton.edu/ark:/88435/dsp0179408079v},
	Year = {2017},
	Bdsk-Url-1 = {http://arks.princeton.edu/ark:/88435/dsp0179408079v}}

@incollection{Gretton:2012,
	Author = {Gretton, Arthur and Sejdinovic, Dino and Strathmann, Heiko and Balakrishnan, Sivaraman and Pontil, Massimiliano and Fukumizu, Kenji and Sriperumbudur, Bharath K.},
	Booktitle = {NIPS},
	Date-Added = {2019-04-02 12:33:53 +0000},
	Date-Modified = {2019-04-02 12:33:53 +0000},
	Title = {Optimal kernel choice for large-scale two-sample tests},
	Year = {2012}}

@book{Klenke:2008,
	Author = {Klenke, A.},
	Date-Added = {2019-04-02 12:33:53 +0000},
	Date-Modified = {2019-04-02 12:33:53 +0000},
	Publisher = {World Publishing Corporation},
	Title = {Probability Theory: A Comprehensive Course},
	Year = {2008}}

@inproceedings{progressive-growing,
	Archiveprefix = {arXiv},
	Arxivid = {1710.10196},
	Author = {Karras, Tero and Aila, Timo and Laine, Samuli and Lehtinen, Jaakko},
	Booktitle = {ICLR},
	Date-Added = {2019-04-02 12:33:53 +0000},
	Date-Modified = {2019-04-02 12:33:53 +0000},
	Eprint = {1710.10196},
	Title = {Progressive Growing of {GAN}s for Improved Quality, Stability, and Variation},
	Year = {2018}}

@book{dudley:analysis,
	Author = {Richard M. Dudley},
	Date-Added = {2019-04-02 12:33:53 +0000},
	Date-Modified = {2019-04-02 12:33:53 +0000},
	Edition = {2},
	Publisher = {Cambridge University Press},
	Title = {Real Analysis and Probability},
	Year = {2002},
	Bdsk-File-1 = {YnBsaXN0MDDUAQIDBAUGJCVYJHZlcnNpb25YJG9iamVjdHNZJGFyY2hpdmVyVCR0b3ASAAGGoKgHCBMUFRYaIVUkbnVsbNMJCgsMDxJXTlMua2V5c1pOUy5vYmplY3RzViRjbGFzc6INDoACgAOiEBGABIAFgAdccmVsYXRpdmVQYXRoWWFsaWFzRGF0YV8QRy4uLy4uLy4uLy4uL0RvY3VtZW50cy9HYXRzYnkvUmVzZWFyY2gvbGl0dGVyYXR1cmUvRHVkbGV5KDIwMDJhKVJlYWwucGRm0hcLGBlXTlMuZGF0YU8RAfAAAAAAAfAAAgAADE1hY2ludG9zaCBIRAAAAAAAAAAAAAAAAAAAAMwxIQJIKwAABVZbtBVEdWRsZXkoMjAwMmEpUmVhbC5wZGYAAAAAAAAAAAAAAAAAAAAAAAAAAAAAAAAAAAAAAAAAAAAAAAAAAAAAAAAIGVRn2G4qCwAAAAAAAAAA/////wAACSAAAAAAAAAAAAAAAAAAAAALbGl0dGVyYXR1cmUAABAACAAAzDES8gAAABEACAAA2G4qCwAAAAEAGAVWW7QFVlt+BVZbHAM6WYADOll/AAIN+QACAGFNYWNpbnRvc2ggSEQ6VXNlcnM6AE1pY2hhZWxBcmJlbDoARG9jdW1lbnRzOgBHYXRzYnk6AFJlc2VhcmNoOgBsaXR0ZXJhdHVyZToARHVkbGV5KDIwMDJhKVJlYWwucGRmAAAOACwAFQBEAHUAZABsAGUAeQAoADIAMAAwADIAYQApAFIAZQBhAGwALgBwAGQAZgAPABoADABNAGEAYwBpAG4AdABvAHMAaAAgAEgARAASAE5Vc2Vycy9NaWNoYWVsQXJiZWwvRG9jdW1lbnRzL0dhdHNieS9SZXNlYXJjaC9saXR0ZXJhdHVyZS9EdWRsZXkoMjAwMmEpUmVhbC5wZGYAEwABLwAAFQACABP//wAAgAbSGxwdHlokY2xhc3NuYW1lWCRjbGFzc2VzXU5TTXV0YWJsZURhdGGjHR8gVk5TRGF0YVhOU09iamVjdNIbHCIjXE5TRGljdGlvbmFyeaIiIF8QD05TS2V5ZWRBcmNoaXZlctEmJ1Ryb290gAEACAARABoAIwAtADIANwBAAEYATQBVAGAAZwBqAGwAbgBxAHMAdQB3AIQAjgDYAN0A5QLZAtsC4ALrAvQDAgMGAw0DFgMbAygDKwM9A0ADRQAAAAAAAAIBAAAAAAAAACgAAAAAAAAAAAAAAAAAAANH}}

@inproceedings{inception,
	Archiveprefix = {arXiv},
	Author = {Szegedy, C. and Vanhoucke, V. and Ioffe, S. and Shlens, J. and Wojna, Z.},
	Booktitle = {CVPR},
	Date-Added = {2019-04-02 12:33:53 +0000},
	Date-Modified = {2019-04-02 12:33:53 +0000},
	Eprint = {1512.00567},
	Title = {Rethinking the {I}nception Architecture for Computer Vision},
	Year = {2016}}

@inproceedings{c2st,
	Archiveprefix = {arXiv},
	Author = {Lopez-Paz, D. and Oquab, M.},
	Booktitle = {ICLR},
	Date-Added = {2019-04-02 12:33:53 +0000},
	Date-Modified = {2019-04-02 12:33:53 +0000},
	Eprint = {1610.06545},
	Title = {Revisiting Classifier Two-Sample Tests},
	Year = {2017}}

@book{Wendland05,
	Address = {Cambridge, UK},
	Author = {H. Wendland},
	Date-Added = {2019-04-02 12:33:53 +0000},
	Date-Modified = {2019-04-02 12:33:53 +0000},
	Publisher = {Cambridge University Press},
	Title = {Scattered Data Approximation},
	Year = {2005}}

@article{scikit-learn,
	Author = {Pedregosa, F. and Varoquaux, G. and Gramfort, A. and Michel, V. and Thirion, B. and Grisel, O. and Blondel, M. and Prettenhofer, P. and Weiss, R. and Dubourg, V. and Vanderplas, J. and Passos, A. and Cournapeau, D. and Brucher, M. and Perrot, M. and Duchesnay, E.},
	Date-Added = {2019-04-02 12:33:53 +0000},
	Date-Modified = {2019-04-02 12:33:53 +0000},
	Journal = {JMLR},
	Pages = {2825--2830},
	Title = {Scikit-learn: Machine Learning in {P}ython},
	Volume = {12},
	Year = {2011}}

@misc{weed:wasserstein-rates,
	Archiveprefix = {arXiv},
	Author = {Jonathan Weed and Francis Bach},
	Date-Added = {2019-04-02 12:33:53 +0000},
	Date-Modified = {2019-04-02 12:33:53 +0000},
	Eprint = {1707.00087},
	Title = {Sharp asymptotic and finite-sample rates of convergence of empirical measures in Wasserstein distance},
	Year = {2017}}

@misc{sobolev-descent,
	Author = {Mroueh, Youssef and Sercu, Tom and Raj, Anant},
	Date-Added = {2019-04-02 12:33:53 +0000},
	Date-Modified = {2019-04-02 12:33:53 +0000},
	Month = 4,
	Note = {Private communication},
	Title = {Sobolev Descent: Variational Transport of Distributions via Advection},
	Year = {2018}}

@inproceedings{sobolev-gan,
	Author = {Mroueh, Youssef and Li, Chung-Liang and Sercu, Tom and Raj, Anant and Cheng, Yu},
	Booktitle = {ICLR},
	Date-Added = {2019-04-02 12:33:53 +0000},
	Date-Modified = {2019-04-02 12:33:53 +0000},
	Title = {Sobolev GAN},
	Year = {2018}}

@inproceedings{Miyato:2018,
	Archiveprefix = {arXiv},
	Author = {Miyato, Takeru and Kataoka, Toshiki and Koyama, Masanori and Yoshida, Yuichi},
	Booktitle = {ICLR},
	Date-Added = {2019-04-02 12:33:53 +0000},
	Date-Modified = {2019-04-02 12:33:53 +0000},
	Eprint = {1802.05927},
	Title = {Spectral Normalization for Generative Adversarial Networks},
	Year = {2018}}

@inproceedings{roth:regularization,
	Archiveprefix = {arXiv},
	Author = {Roth, Kevin and Lucchi, Aurelien and Nowozin, Sebastian and Hofmann, Thomas},
	Booktitle = {NIPS},
	Date-Added = {2019-04-02 12:33:53 +0000},
	Date-Modified = {2019-04-02 12:33:53 +0000},
	Eprint = {1705.09367},
	Title = {Stabilizing Training of Generative Adversarial Networks through Regularization},
	Year = {2017}}

@inproceedings{stacked-gans,
	Archiveprefix = {arXiv},
	Author = {Huang, X. and Li, Y. and Poursaeed, O. and Hopcroft, J. and Belongie, S.},
	Booktitle = {CVPR},
	Date-Added = {2019-04-02 12:33:53 +0000},
	Date-Modified = {2019-04-02 12:33:53 +0000},
	Eprint = {1612.04357},
	Title = {Stacked Generative Adversarial Networks},
	Year = {2017}}

@article{GneRaf07,
	Author = {T. Gneiting and A. E. Raftery},
	Date-Added = {2019-04-02 12:33:53 +0000},
	Date-Modified = {2019-04-02 12:33:53 +0000},
	Journal = {JASA},
	Number = {477},
	Pages = {359--378},
	Title = {Strictly proper scoring rules, prediction, and estimation},
	Volume = {102},
	Year = {2007}}

@book{SteChr08,
	Author = {I. Steinwart and A. Christmann},
	Date-Added = {2019-04-02 12:33:53 +0000},
	Date-Modified = {2019-04-02 12:33:53 +0000},
	Publisher = {Springer},
	Series = {Information Science and Statistics},
	Title = {Support Vector Machines},
	Year = {2008}}

@article{Zahorski:1946,
	Author = {Zahorski, Z.},
	Date-Added = {2019-04-02 12:33:53 +0000},
	Date-Modified = {2019-04-02 12:33:53 +0000},
	Journal = {Bulletin de la Soci{\'e}t{\'e} math{\'e}matique de France},
	Pages = {147--178},
	Title = {Sur l'ensemble des points de non-d{\'e}rivabilit{\'e} d'une fonction continue},
	Urldate = {2018-03-13},
	Volume = {2},
	Year = {1946}}

@article{SzeRiz04,
	Author = {G. Sz\'{e}kely and M. Rizzo},
	Date-Added = {2019-04-02 12:33:53 +0000},
	Date-Modified = {2019-04-02 12:33:53 +0000},
	Journal = {InterStat},
	Title = {Testing for Equal Distributions in High Dimension},
	Volume = {5},
	Year = {2004}}

@article{energy-distance,
	Author = {G. J. Sz{\'e}kely and M. L. Rizzo},
	Date-Added = {2019-04-02 12:33:53 +0000},
	Date-Modified = {2019-04-02 12:33:53 +0000},
	Journal = {InterStat},
	Number = {5},
	Title = {Testing for equal distributions in high dimensions},
	Year = {2004}}

@inproceedings{kfda,
	Archiveprefix = {arXiv},
	Author = {Harchaoui, Zaid and Bach, Francis R. and Moulines, \'Eric},
	Booktitle = {NIPS},
	Date-Added = {2019-04-02 12:33:53 +0000},
	Date-Modified = {2019-04-02 12:33:53 +0000},
	Eprint = {0804.1026},
	Title = {Testing for Homogeneity with Kernel Fisher Discriminant Analysis},
	Year = {2008}}

@misc{cramer-gan,
	Archiveprefix = {arXiv},
	Author = {Bellemare, M. G. and Danihelka, I. and Dabney, W. and Mohamed, S. and Lakshminarayanan, B. and Hoyer, S. and Munos, R.},
	Date-Added = {2019-04-02 12:33:53 +0000},
	Date-Modified = {2019-04-02 12:33:53 +0000},
	Eprint = {1705.10743},
	Title = {The {C}ramer Distance as a Solution to Biased {W}asserstein Gradients},
	Year = {2017}}

@article{dowson-landau,
	Author = {Dowson, D. C. and Landau, B. V.},
	Date-Added = {2019-04-02 12:33:53 +0000},
	Date-Modified = {2019-04-02 12:33:53 +0000},
	Journal = {Journal of Multivariate Analysis},
	Number = {3},
	Pages = {450--455},
	Title = {The {F}r{\'{e}}chet distance between multivariate normal distributions},
	Volume = {12},
	Year = {1982}}

@article{Piranian:1966,
	Author = {Piranian, G.},
	Date-Added = {2019-04-02 12:33:53 +0000},
	Date-Modified = {2019-04-02 12:33:53 +0000},
	Journal = {The American Mathematical Monthly},
	Number = {4},
	Pages = {57--61},
	Title = {The {Set} of {Nondifferentiability} of a {Continuous} {Function}},
	Volume = {73},
	Year = {1966}}

@inproceedings{Zhang:2018,
	Archiveprefix = {arXiv},
	Author = {Zhang, Richard and Isola, Phillip and Efros, Alexei A. and Shechtman, Eli and Wang, Oliver},
	Booktitle = {CVPR},
	Date-Added = {2019-04-02 12:33:53 +0000},
	Date-Modified = {2019-04-02 12:33:53 +0000},
	Eprint = {1801.03924},
	Title = {The Unreasonable Effectiveness of Deep Features as a Perceptual Metric},
	Year = {2018}}

@misc{Mityagin:2015,
	Archiveprefix = {arXiv},
	Author = {B. Mityagin},
	Date-Added = {2019-04-02 12:33:53 +0000},
	Date-Modified = {2019-04-02 12:33:53 +0000},
	Eprint = {1512.07276},
	Title = {The Zero Set of a Real Analytic Function},
	Year = {2015}}

@inproceedings{towards-principled-gans,
	Archiveprefix = {arXiv},
	Author = {Arjovsky, M. and Bottou, L.},
	Booktitle = {ICLR},
	Date-Added = {2019-04-02 12:33:53 +0000},
	Date-Modified = {2019-04-02 12:33:53 +0000},
	Eprint = {1701.04862},
	Title = {Towards Principled Methods for Training Generative Adversarial Networks},
	Year = {2017}}

@misc{anime-gans,
	Archiveprefix = {arXiv},
	Author = {Y. Jin and K. Zhang and M. Li and Y. Tian and H. Zhu and Z. Fang},
	Date-Added = {2019-04-02 12:33:53 +0000},
	Date-Modified = {2019-04-02 12:33:53 +0000},
	Eprint = {1708.05509},
	Title = {Towards the Automatic Anime Characters Creation with Generative Adversarial Networks},
	Year = {2017}}

@inproceedings{gen-mmd,
	Archiveprefix = {arXiv},
	Author = {Dziugaite, G. K. and Roy, D. M. and Ghahramani, Z.},
	Booktitle = {UAI},
	Date-Added = {2019-04-02 12:33:53 +0000},
	Date-Modified = {2019-04-02 12:33:53 +0000},
	Eprint = {1505.03906},
	Title = {Training generative neural networks via Maximum Mean Discrepancy optimization},
	Year = {2015}}

@article{unbiased-convex,
	Author = {Bickel, P. J. and Lehmann, E. L.},
	Date-Added = {2019-04-02 12:33:53 +0000},
	Date-Modified = {2019-04-02 12:33:53 +0000},
	Journal = {The Annals of Mathematical Statistics},
	Number = {5},
	Pages = {1523--1535},
	Title = {Unbiased Estimation in Convex Families},
	Volume = {40},
	Year = {1969}}

@article{SriFukLan11,
	Archiveprefix = {arXiv},
	Author = {B. K. Sriperumbudur and K. Fukumizu and G. R. G. Lanckriet},
	Date-Added = {2019-04-02 12:33:53 +0000},
	Date-Modified = {2019-04-02 12:33:53 +0000},
	Eprint = {1003.0887},
	Journal = {JMLR},
	Pages = {2389--2410},
	Title = {Universality, Characteristic Kernels and {RKHS} Embedding of Measures},
	Volume = {12},
	Year = {2011}}

@inproceedings{cyclegan,
	Archiveprefix = {arXiv},
	Author = {J.-Y. Zhu and T. Park and P. Isola and A. A. Efros},
	Booktitle = {ICCV},
	Date-Added = {2019-04-02 12:33:53 +0000},
	Date-Modified = {2019-04-02 12:33:53 +0000},
	Eprint = {1703.10593},
	Title = {Unpaired Image-to-Image Translation using Cycle-Consistent Adversarial Networks},
	Year = {2017}}

@inproceedings{dcgan,
	Archiveprefix = {arXiv},
	Author = {Radford, A. and Metz, L. and Chintala, S.},
	Booktitle = {ICLR},
	Date-Added = {2019-04-02 12:33:53 +0000},
	Date-Modified = {2019-04-02 12:33:53 +0000},
	Eprint = {1511.06434},
	Title = {Unsupervised Representation Learning with Deep Convolutional Generative Adversarial Networks},
	Year = {2016}}

@book{diestel-uhl,
	Address = {Providence},
	Author = {Diestel, J. and Uhl, Jr, J. J.},
	Date-Added = {2019-04-02 12:33:53 +0000},
	Date-Modified = {2019-04-02 12:33:53 +0000},
	Publisher = {American Mathematical Society},
	Title = {Vector Measures},
	Year = {1977}}

@inproceedings{wgan,
	Archiveprefix = {arXiv},
	Author = {Arjovsky, M. and Chintala, S. and Bottou, L.},
	Booktitle = {ICML},
	Date-Added = {2019-04-02 12:33:53 +0000},
	Date-Modified = {2019-04-02 12:33:53 +0000},
	Eprint = {1701.07875},
	Title = {{W}asserstein Generative Adversarial Networks},
	Year = {2017}}

@misc{censored-normal,
	Author = {Sutherland, D. J.},
	Date-Added = {2019-04-02 12:33:53 +0000},
	Date-Modified = {2019-04-02 12:33:53 +0000},
	Howpublished = {Cross Validated answer},
	Title = {What are the mean and variance of a 0-censored multivariate normal?},
	Url = {https://stats.stackexchange.com/q/326347},
	Year = {2018},
	Bdsk-Url-1 = {https://stats.stackexchange.com/q/326347}}

@misc{Mescheder:2018,
	Archiveprefix = {arXiv},
	Author = {Mescheder, Lars and Geiger, Andreas and Nowozin, Sebastian},
	Date-Added = {2019-04-02 12:33:53 +0000},
	Date-Modified = {2019-04-02 12:33:53 +0000},
	Eprint = {1801.04406},
	Title = {Which Training Methods for {GANs} do actually Converge?},
	Year = {2018}}

@incollection{Villani:2004,
	Address = {Providence, Rhode Island},
	Author = {Villani, C{\'e}dric},
	Booktitle = {Contemporary {Mathematics}},
	Date-Added = {2019-04-02 12:33:53 +0000},
	Date-Modified = {2019-04-02 12:33:53 +0000},
	Doi = {10.1090/conm/353/06434},
	Editor = {Carvalho, M. C. and Rodrigues, J. F.},
	Isbn = {978-0-8218-3278-3 978-0-8218-7943-6},
	Language = {en},
	Pages = {95--109},
	Publisher = {American Mathematical Society},
	Title = {Trend to equilibrium for dissipative equations, functional inequalities and mass transportation},
	Url = {http://www.ams.org/conm/353/},
	Urldate = {2018-05-11},
	Volume = {353},
	Year = {2004},
	Bdsk-File-1 = {YnBsaXN0MDDUAQIDBAUGJCVYJHZlcnNpb25YJG9iamVjdHNZJGFyY2hpdmVyVCR0b3ASAAGGoKgHCBMUFRYaIVUkbnVsbNMJCgsMDxJXTlMua2V5c1pOUy5vYmplY3RzViRjbGFzc6INDoACgAOiEBGABIAFgAdccmVsYXRpdmVQYXRoWWFsaWFzRGF0YV8QSS4uLy4uLy4uLy4uL0RvY3VtZW50cy9HYXRzYnkvUmVzZWFyY2gvbGl0dGVyYXR1cmUvVmlsbGFuaSgyMDA0YSlUcmVuZC5wZGbSFwsYGVdOUy5kYXRhTxEB+AAAAAAB+AACAAAMTWFjaW50b3NoIEhEAAAAAAAAAAAAAAAAAAAAzDEhAkgrAAAFVlu0F1ZpbGxhbmkoMjAwNGEpVHJlbmQucGRmAAAAAAAAAAAAAAAAAAAAAAAAAAAAAAAAAAAAAAAAAAAAAAAAAAAAAAdGmoDXG0w9AAAAAAAAAAD/////AAAJIAAAAAAAAAAAAAAAAAAAAAtsaXR0ZXJhdHVyZQAAEAAIAADMMRLyAAAAEQAIAADXGz4tAAAAAQAYBVZbtAVWW34FVlscAzpZgAM6WX8AAg35AAIAY01hY2ludG9zaCBIRDpVc2VyczoATWljaGFlbEFyYmVsOgBEb2N1bWVudHM6AEdhdHNieToAUmVzZWFyY2g6AGxpdHRlcmF0dXJlOgBWaWxsYW5pKDIwMDRhKVRyZW5kLnBkZgAADgAwABcAVgBpAGwAbABhAG4AaQAoADIAMAAwADQAYQApAFQAcgBlAG4AZAAuAHAAZABmAA8AGgAMAE0AYQBjAGkAbgB0AG8AcwBoACAASABEABIAUFVzZXJzL01pY2hhZWxBcmJlbC9Eb2N1bWVudHMvR2F0c2J5L1Jlc2VhcmNoL2xpdHRlcmF0dXJlL1ZpbGxhbmkoMjAwNGEpVHJlbmQucGRmABMAAS8AABUAAgAT//8AAIAG0hscHR5aJGNsYXNzbmFtZVgkY2xhc3Nlc11OU011dGFibGVEYXRhox0fIFZOU0RhdGFYTlNPYmplY3TSGxwiI1xOU0RpY3Rpb25hcnmiIiBfEA9OU0tleWVkQXJjaGl2ZXLRJidUcm9vdIABAAgAEQAaACMALQAyADcAQABGAE0AVQBgAGcAagBsAG4AcQBzAHUAdwCEAI4A2gDfAOcC4wLlAuoC9QL+AwwDEAMXAyADJQMyAzUDRwNKA08AAAAAAAACAQAAAAAAAAAoAAAAAAAAAAAAAAAAAAADUQ==},
	Bdsk-Url-1 = {http://www.ams.org/conm/353/},
	Bdsk-Url-2 = {https://doi.org/10.1090/conm/353/06434}}

@techreport{Villani:2009,
	Author = {Cedric Villani},
	Date-Added = {2019-04-02 12:33:53 +0000},
	Date-Modified = {2019-04-02 12:33:53 +0000},
	Title = {Optimal Transport: Old and New},
	Year = {2009},
	Bdsk-File-1 = {YnBsaXN0MDDUAQIDBAUGJCVYJHZlcnNpb25YJG9iamVjdHNZJGFyY2hpdmVyVCR0b3ASAAGGoKgHCBMUFRYaIVUkbnVsbNMJCgsMDxJXTlMua2V5c1pOUy5vYmplY3RzViRjbGFzc6INDoACgAOiEBGABIAFgAdccmVsYXRpdmVQYXRoWWFsaWFzRGF0YV8QSy4uLy4uLy4uLy4uL0RvY3VtZW50cy9HYXRzYnkvUmVzZWFyY2gvbGl0dGVyYXR1cmUvVmlsbGFuaSgyMDA5YSlPcHRpbWFsLnBkZtIXCxgZV05TLmRhdGFPEQIAAAAAAAIAAAIAAAxNYWNpbnRvc2ggSEQAAAAAAAAAAAAAAAAAAADMMSECSCsAAAVWW7QZVmlsbGFuaSgyMDA5YSlPcHRpbWFsLnBkZgAAAAAAAAAAAAAAAAAAAAAAAAAAAAAAAAAAAAAAAAAAAAAAAAAAB5QbCNaN9URQREYgAAAAAP////8AAAkgAAAAAAAAAAAAAAAAAAAAC2xpdHRlcmF0dXJlAAAQAAgAAMwxEvIAAAARAAgAANaN9UQAAAABABgFVlu0BVZbfgVWWxwDOlmAAzpZfwACDfkAAgBlTWFjaW50b3NoIEhEOlVzZXJzOgBNaWNoYWVsQXJiZWw6AERvY3VtZW50czoAR2F0c2J5OgBSZXNlYXJjaDoAbGl0dGVyYXR1cmU6AFZpbGxhbmkoMjAwOWEpT3B0aW1hbC5wZGYAAA4ANAAZAFYAaQBsAGwAYQBuAGkAKAAyADAAMAA5AGEAKQBPAHAAdABpAG0AYQBsAC4AcABkAGYADwAaAAwATQBhAGMAaQBuAHQAbwBzAGgAIABIAEQAEgBSVXNlcnMvTWljaGFlbEFyYmVsL0RvY3VtZW50cy9HYXRzYnkvUmVzZWFyY2gvbGl0dGVyYXR1cmUvVmlsbGFuaSgyMDA5YSlPcHRpbWFsLnBkZgATAAEvAAAVAAIAE///AACABtIbHB0eWiRjbGFzc25hbWVYJGNsYXNzZXNdTlNNdXRhYmxlRGF0YaMdHyBWTlNEYXRhWE5TT2JqZWN00hscIiNcTlNEaWN0aW9uYXJ5oiIgXxAPTlNLZXllZEFyY2hpdmVy0SYnVHJvb3SAAQAIABEAGgAjAC0AMgA3AEAARgBNAFUAYABnAGoAbABuAHEAcwB1AHcAhACOANwA4QDpAu0C7wL0Av8DCAMWAxoDIQMqAy8DPAM/A1EDVANZAAAAAAAAAgEAAAAAAAAAKAAAAAAAAAAAAAAAAAAAA1s=}}

@article{Oberman:2008,
	Author = {Adam M. Oberman},
	Date-Added = {2019-04-02 12:33:53 +0000},
	Date-Modified = {2019-04-02 12:33:53 +0000},
	Journal = {Proceedings of the American Mathematical Society},
	Title = {An Explicit Solution of the Lipschitz Extension Problem},
	Year = {2008},
	Bdsk-File-1 = {YnBsaXN0MDDUAQIDBAUGJCVYJHZlcnNpb25YJG9iamVjdHNZJGFyY2hpdmVyVCR0b3ASAAGGoKgHCBMUFRYaIVUkbnVsbNMJCgsMDxJXTlMua2V5c1pOUy5vYmplY3RzViRjbGFzc6INDoACgAOiEBGABIAFgAdccmVsYXRpdmVQYXRoWWFsaWFzRGF0YV8QTy4uLy4uLy4uLy4uL0RvY3VtZW50cy9HYXRzYnkvUmVzZWFyY2gvbGl0dGVyYXR1cmUvT2Jlcm1hbigyMDA4YSlBbiBFeHBsaWNpdC5wZGbSFwsYGVdOUy5kYXRhTxECEAAAAAACEAACAAAMTWFjaW50b3NoIEhEAAAAAAAAAAAAAAAAAAAAzDEhAkgrAAAFVlu0HU9iZXJtYW4oMjAwOGEpQW4gRXhwbGljaXQucGRmAAAAAAAAAAAAAAAAAAAAAAAAAAAAAAAAAAAAAAAAAAAAAAfk7xXYC9oQAAAAAAAAAAD/////AAAJIAAAAAAAAAAAAAAAAAAAAAtsaXR0ZXJhdHVyZQAAEAAIAADMMRLyAAAAEQAIAADYC9oQAAAAAQAYBVZbtAVWW34FVlscAzpZgAM6WX8AAg35AAIAaU1hY2ludG9zaCBIRDpVc2VyczoATWljaGFlbEFyYmVsOgBEb2N1bWVudHM6AEdhdHNieToAUmVzZWFyY2g6AGxpdHRlcmF0dXJlOgBPYmVybWFuKDIwMDhhKUFuIEV4cGxpY2l0LnBkZgAADgA8AB0ATwBiAGUAcgBtAGEAbgAoADIAMAAwADgAYQApAEEAbgAgAEUAeABwAGwAaQBjAGkAdAAuAHAAZABmAA8AGgAMAE0AYQBjAGkAbgB0AG8AcwBoACAASABEABIAVlVzZXJzL01pY2hhZWxBcmJlbC9Eb2N1bWVudHMvR2F0c2J5L1Jlc2VhcmNoL2xpdHRlcmF0dXJlL09iZXJtYW4oMjAwOGEpQW4gRXhwbGljaXQucGRmABMAAS8AABUAAgAT//8AAIAG0hscHR5aJGNsYXNzbmFtZVgkY2xhc3Nlc11OU011dGFibGVEYXRhox0fIFZOU0RhdGFYTlNPYmplY3TSGxwiI1xOU0RpY3Rpb25hcnmiIiBfEA9OU0tleWVkQXJjaGl2ZXLRJidUcm9vdIABAAgAEQAaACMALQAyADcAQABGAE0AVQBgAGcAagBsAG4AcQBzAHUAdwCEAI4A4ADlAO0DAQMDAwgDEwMcAyoDLgM1Az4DQwNQA1MDZQNoA20AAAAAAAACAQAAAAAAAAAoAAAAAAAAAAAAAAAAAAADbw==}}

@article{Saidi:2009,
	Abstract = {Let \$G\$ be a compact subgroup of \$GL\_n({\textbackslash}R)\$ acting linearly on a finite dimensional vector space \$E\$. B. Malgrange has shown that the space \${\textbackslash}mathcal\{C\}{\textasciicircum}{\textbackslash}infty({\textbackslash}R{\textasciicircum}n,E){\textasciicircum}G\$ of \${\textbackslash}mathcal\{C\}{\textasciicircum}{\textbackslash}infty\$ and \$G\$-covariant functions is a finite module over the ring \${\textbackslash}mathcal\{C\}{\textasciicircum}{\textbackslash}infty({\textbackslash}R{\textasciicircum}n){\textasciicircum}G\$ of \${\textbackslash}mathcal\{C\}{\textasciicircum}{\textbackslash}infty\$ and \$G\$-invariant functions. First, we generalize this result for the Schwartz space \${\textbackslash}mathscr\{S\}({\textbackslash}R{\textasciicircum}n,E){\textasciicircum}G\$ of \$G\$-covariant functions. Secondly, we prove that any \$G\$-covariant distribution can be decomposed into a sum of \$G\$-invariant distributions multiplied with a fixed family of \$G\$-covariant polynomials. This gives a generalization of an Oksak result proved in ([O]).},
	Author = {Saidi, Anouar},
	Date-Added = {2019-04-02 12:33:53 +0000},
	Date-Modified = {2019-04-02 12:33:53 +0000},
	Journal = {arXiv:0902.1383 [math]},
	Keywords = {46F05, 58C46., 58C81, 58C99, Mathematics - Representation Theory},
	Month = feb,
	Note = {arXiv: 0902.1383},
	Title = {On covariant functions and distributions under the action of a compact group},
	Url = {http://arxiv.org/abs/0902.1383},
	Urldate = {2018-11-08},
	Year = {2009},
	Bdsk-File-1 = {YnBsaXN0MDDUAQIDBAUGJCVYJHZlcnNpb25YJG9iamVjdHNZJGFyY2hpdmVyVCR0b3ASAAGGoKgHCBMUFRYaIVUkbnVsbNMJCgsMDxJXTlMua2V5c1pOUy5vYmplY3RzViRjbGFzc6INDoACgAOiEBGABIAFgAdccmVsYXRpdmVQYXRoWWFsaWFzRGF0YV8QTi4uLy4uLy4uLy4uL0RvY3VtZW50cy9HYXRzYnkvUmVzZWFyY2gvbGl0dGVyYXR1cmUvU2FpZGkoMjAwOWEpT24gY292YXJpYW50LnBkZtIXCxgZV05TLmRhdGFPEQIMAAAAAAIMAAIAAAxNYWNpbnRvc2ggSEQAAAAAAAAAAAAAAAAAAADMMSECSCsAAAVWW7QcU2FpZGkoMjAwOWEpT24gY292YXJpYW50LnBkZgAAAAAAAAAAAAAAAAAAAAAAAAAAAAAAAAAAAAAAAAAAAAAAB+QFyNgKSbwAAAAAAAAAAP////8AAAkgAAAAAAAAAAAAAAAAAAAAC2xpdHRlcmF0dXJlAAAQAAgAAMwxEvIAAAARAAgAANgKSbwAAAABABgFVlu0BVZbfgVWWxwDOlmAAzpZfwACDfkAAgBoTWFjaW50b3NoIEhEOlVzZXJzOgBNaWNoYWVsQXJiZWw6AERvY3VtZW50czoAR2F0c2J5OgBSZXNlYXJjaDoAbGl0dGVyYXR1cmU6AFNhaWRpKDIwMDlhKU9uIGNvdmFyaWFudC5wZGYADgA6ABwAUwBhAGkAZABpACgAMgAwADAAOQBhACkATwBuACAAYwBvAHYAYQByAGkAYQBuAHQALgBwAGQAZgAPABoADABNAGEAYwBpAG4AdABvAHMAaAAgAEgARAASAFVVc2Vycy9NaWNoYWVsQXJiZWwvRG9jdW1lbnRzL0dhdHNieS9SZXNlYXJjaC9saXR0ZXJhdHVyZS9TYWlkaSgyMDA5YSlPbiBjb3ZhcmlhbnQucGRmAAATAAEvAAAVAAIAE///AACABtIbHB0eWiRjbGFzc25hbWVYJGNsYXNzZXNdTlNNdXRhYmxlRGF0YaMdHyBWTlNEYXRhWE5TT2JqZWN00hscIiNcTlNEaWN0aW9uYXJ5oiIgXxAPTlNLZXllZEFyY2hpdmVy0SYnVHJvb3SAAQAIABEAGgAjAC0AMgA3AEAARgBNAFUAYABnAGoAbABuAHEAcwB1AHcAhACOAN8A5ADsAvwC/gMDAw4DFwMlAykDMAM5Az4DSwNOA2ADYwNoAAAAAAAAAgEAAAAAAAAAKAAAAAAAAAAAAAAAAAAAA2o=}}

@article{Jourdain:2007,
	Author = {Jourdain, Benjamin and M{\'e}l{\'e}ard, Sylvie and Woyczynski, Wojbor},
	Date-Added = {2019-04-02 12:33:53 +0000},
	Date-Modified = {2019-04-02 12:33:53 +0000},
	Journal = {Latin American Journal of Probability},
	Keywords = {60K35, 35S10, 65C35, Mathematics - Probability},
	Month = jul,
	Note = {arXiv: 0707.2723},
	Title = {Nonlinear {SDEs} driven by {L}{\textbackslash}'evy processes and related {PDEs}},
	Url = {http://arxiv.org/abs/0707.2723},
	Urldate = {2018-05-10},
	Year = {2007},
	Bdsk-Url-1 = {http://arxiv.org/abs/0707.2723}}

@article{Retherford:1978,
	Author = {Retherford, J. R.},
	Date-Added = {2019-04-02 12:33:53 +0000},
	Date-Modified = {2019-04-02 12:33:53 +0000},
	Fjournal = {Bulletin of the American Mathematical Society},
	Journal = {Bull. Amer. Math. Soc.},
	Month = {07},
	Number = {4},
	Pages = {681--685},
	Publisher = {American Mathematical Society},
	Title = {Review: J. Diestel and J. J. Uhl, Jr., Vector measures},
	Volume = {84},
	Year = {1978}}

@article{durmus2018analysis,
	Author = {Durmus, Alain and Majewski, Szymon and Miasojedow, B{\l}a{\.z}ej},
	Journal = {arXiv preprint arXiv:1802.09188},
	Title = {Analysis of Langevin Monte Carlo via convex optimization},
	Year = {2018}}

@article{bernton2018langevin,
	Author = {Bernton, Espen},
	Journal = {arXiv preprint arXiv:1802.08671},
	Title = {Langevin Monte Carlo and JKO splitting},
	Year = {2018}}

@article{jordan1998variational,
	Author = {Jordan, Richard and Kinderlehrer, David and Otto, Felix},
	Journal = {SIAM journal on mathematical analysis},
	Number = {1},
	Pages = {1--17},
	Publisher = {SIAM},
	Title = {The variational formulation of the Fokker--Planck equation},
	Volume = {29},
	Year = {1998}}

@article{gretton2012kernel,
	Author = {Gretton, Arthur and Borgwardt, Karsten M and Rasch, Malte J and Sch{\"o}lkopf, Bernhard and Smola, Alexander},
	Journal = {Journal of Machine Learning Research},
	Number = {Mar},
	Pages = {723--773},
	Title = {A kernel two-sample test},
	Volume = {13},
	Year = {2012}}
