%% This BibTeX bibliography file was created using BibDesk.
%% http://bibdesk.sourceforge.net/

%% Created for Michael N. Arbel at 2019-05-22 02:32:17 +0100 


%% Saved with string encoding Unicode (UTF-8) 


@article{Chizat:2018a,
	Author = {Chizat, Lenaic and Bach, Francis},
	Journal = {arXiv:1812.07956 [cs, math]},
	Month = dec,
	Note = {arXiv: 1812.07956},
	Title = {A {Note} on {Lazy} {Training} in {Supervised} {Differentiable} {Programming}},
	Url = {http://arxiv.org/abs/1812.07956},
	Urldate = {2019-05-05},
	Year = {2018}
}


@book{Villani:2003,
	Author = {Villani, Cedric},
	Date-Added = {2019-05-23 19:24:39 +0000},
	Date-Modified = {2019-05-23 19:24:40 +0000},
	Isbn = {978-0-8218-3312-4},
	Keywords = {Mathematics / General},
	Language = {en},
	Publisher = {American Mathematical Soc.},
	Title = {Topics in {Optimal} {Transportation}},
	Year = {2003}
}



@article{dalalyan2019user,
	title={User-friendly guarantees for the Langevin Monte Carlo with inaccurate gradient},
	author={Dalalyan, Arnak S and Karagulyan, Avetik},
	journal={Stochastic Processes and their Applications},
	year={2019},
	publisher={Elsevier}
}

@article{benamou2000computational,
	title={A computational fluid mechanics solution to the Monge-Kantorovich mass transfer problem},
	author={Benamou, Jean-David and Brenier, Yann},
	journal={Numerische Mathematik},
	volume={84},
	number={3},
	pages={375--393},
	year={2000},
	publisher={Springer}
}
@article{oguntuase2001inequality,
	title={On an inequality of Gronwall},
	author={Oguntuase, James Adedayo},
	journal={Journal of Inequalities in Pure and Applied Mathematics},
	year={2001}
}

@article{carrillo2006contractions,
	title={Contractions in the 2-Wasserstein length space and thermalization of granular media},
	author={Carrillo, Jos{\'e} A and McCann, Robert J and Villani, C{\'e}dric},
	journal={Archive for Rational Mechanics and Analysis},
	volume={179},
	number={2},
	pages={217--263},
	year={2006},
	publisher={Springer}
}


@article{Sirignano:2018,
	Abstract = {Machine learning, and in particular neural network models, have revolutionized fields such as image, text, and speech recognition. Today, many important real-world applications in these areas are driven by neural networks. There are also growing applications in engineering, robotics, medicine, and finance. Despite their immense success in practice, there is limited mathematical understanding of neural networks. This paper illustrates how neural networks can be studied via stochastic analysis, and develops approaches for addressing some of the technical challenges which arise. We analyze one-layer neural networks in the asymptotic regime of simultaneously (A) large network sizes and (B) large numbers of stochastic gradient descent training iterations. We rigorously prove that the empirical distribution of the neural network parameters converges to the solution of a nonlinear partial differential equation. This result can be considered a law of large numbers for neural networks. In addition, a consequence of our analysis is that the trained parameters of the neural network asymptotically become independent, a property which is commonly called "propagation of chaos".},
	Author = {Sirignano, Justin and Spiliopoulos, Konstantinos},
	Date-Added = {2019-05-21 23:57:16 +0000},
	Date-Modified = {2019-05-21 23:57:16 +0000},
	Journal = {arXiv:1805.01053 [math]},
	Keywords = {Mathematics - Probability},
	Month = may,
	Note = {arXiv: 1805.01053},
	Title = {Mean {Field} {Analysis} of {Neural} {Networks}},
	Url = {http://arxiv.org/abs/1805.01053},
	Urldate = {2019-05-21},
	Year = {2018},
	Bdsk-Url-1 = {http://arxiv.org/abs/1805.01053}}

@article{Dziugaite:2015a,
	Abstract = {We consider training a deep neural network to generate samples from an unknown distribution given i.i.d. data. We frame learning as an optimization minimizing a two-sample test statistic---informally speaking, a good generator network produces samples that cause a two-sample test to fail to reject the null hypothesis. As our two-sample test statistic, we use an unbiased estimate of the maximum mean discrepancy, which is the centerpiece of the nonparametric kernel two-sample test proposed by Gretton et al. (2012). We compare to the adversarial nets framework introduced by Goodfellow et al. (2014), in which learning is a two-player game between a generator network and an adversarial discriminator network, both trained to outwit the other. From this perspective, the MMD statistic plays the role of the discriminator. In addition to empirical comparisons, we prove bounds on the generalization error incurred by optimizing the empirical MMD.},
	Annote = {Comment: 10 pages, to appear in Uncertainty in Artificial Intelligence (UAI) 2015},
	Author = {Dziugaite, Gintare Karolina and Roy, Daniel M. and Ghahramani, Zoubin},
	Date-Added = {2019-05-21 23:56:45 +0000},
	Date-Modified = {2019-05-21 23:56:45 +0000},
	Journal = {arXiv:1505.03906 [cs, stat]},
	Keywords = {Computer Science - Machine Learning, Statistics - Machine Learning},
	Month = may,
	Note = {arXiv: 1505.03906},
	Title = {Training generative neural networks via {Maximum} {Mean} {Discrepancy} optimization},
	Url = {http://arxiv.org/abs/1505.03906},
	Urldate = {2019-05-21},
	Year = {2015},
	Bdsk-Url-1 = {http://arxiv.org/abs/1505.03906}}

@article{Uppal:2019,
	title={Nonparametric Density Estimation under Besov IPM Losses},
	author={Uppal, Ananya and Singh, Shashank and P{\'o}czos, Barna{\'a}s},
	journal={arXiv preprint arXiv:1902.03511},
	year={2019}
}


@article{Li:2015,
	title={Generative moment matching networks},
	author={Li, Yujia and Swersky, Kevin and Zemel, Richard},
	journal={arXiv preprint arXiv:1502.02761},
	year={2015}
}

@article{Li:2017a,
	Abstract = {Generative moment matching network (GMMN) is a deep generative model that differs from Generative Adversarial Network (GAN) by replacing the discriminator in GAN with a two-sample test based on kernel maximum mean discrepancy (MMD). Although some theoretical guarantees of MMD have been studied, the empirical performance of GMMN is still not as competitive as that of GAN on challenging and large benchmark datasets. The computational efficiency of GMMN is also less desirable in comparison with GAN, partially due to its requirement for a rather large batch size during the training. In this paper, we propose to improve both the model expressiveness of GMMN and its computational efficiency by introducing adversarial kernel learning techniques, as the replacement of a fixed Gaussian kernel in the original GMMN. The new approach combines the key ideas in both GMMN and GAN, hence we name it MMD GAN. The new distance measure in MMD GAN is a meaningful loss that enjoys the advantage of weak topology and can be optimized via gradient descent with relatively small batch sizes. In our evaluation on multiple benchmark datasets, including MNIST, CIFAR- 10, CelebA and LSUN, the performance of MMD-GAN significantly outperforms GMMN, and is competitive with other representative GAN works.},
	Annote = {Comment: In the Proceedings of Thirty-first Annual Conference on Neural Information Processing Systems (NIPS 2017)},
	Author = {Li, Chun-Liang and Chang, Wei-Cheng and Cheng, Yu and Yang, Yiming and P{\'o}czos, Barnab{\'a}s},
	Date-Added = {2019-05-21 16:17:09 +0000},
	Date-Modified = {2019-05-21 16:17:09 +0000},
	Journal = {arXiv:1705.08584 [cs, stat]},
	Keywords = {Statistics - Machine Learning, Computer Science - Artificial Intelligence, Computer Science - Machine Learning},
	Month = may,
	Note = {arXiv: 1705.08584},
	Shorttitle = {{MMD} {GAN}},
	Title = {{MMD} {GAN}: {Towards} {Deeper} {Understanding} of {Moment} {Matching} {Network}},
	Url = {http://arxiv.org/abs/1705.08584},
	Urldate = {2018-11-13},
	Year = {2017},
	Bdsk-File-1 = {YnBsaXN0MDDUAQIDBAUGJCVYJHZlcnNpb25YJG9iamVjdHNZJGFyY2hpdmVyVCR0b3ASAAGGoKgHCBMUFRYaIVUkbnVsbNMJCgsMDxJXTlMua2V5c1pOUy5vYmplY3RzViRjbGFzc6INDoACgAOiEBGABIAFgAdccmVsYXRpdmVQYXRoWWFsaWFzRGF0YV8QMS4uLy4uLy4uL2xpdHRlcmF0dXJlL0xpKDIwMTdhKU1NRCBHQU4gVG93YXJkcy5wZGbSFwsYGVdOUy5kYXRhTxECDAAAAAACDAACAAAMTWFjaW50b3NoIEhEAAAAAAAAAAAAAAAAAAAAzDEhAkgrAAAFVlu0HExpKDIwMTdhKU1NRCBHQU4gVG93YXJkcy5wZGYAAAAAAAAAAAAAAAAAAAAAAAAAAAAAAAAAAAAAAAAAAAAAAAhOJ4rYtwdqAAAAAAAAAAAAAwACAAAJIAAAAAAAAAAAAAAAAAAAAAtsaXR0ZXJhdHVyZQAAEAAIAADMMRLyAAAAEQAIAADYtwdqAAAAAQAYBVZbtAVWW34FVlscAzpZgAM6WX8AAg35AAIAaE1hY2ludG9zaCBIRDpVc2VyczoATWljaGFlbEFyYmVsOgBEb2N1bWVudHM6AEdhdHNieToAUmVzZWFyY2g6AGxpdHRlcmF0dXJlOgBMaSgyMDE3YSlNTUQgR0FOIFRvd2FyZHMucGRmAA4AOgAcAEwAaQAoADIAMAAxADcAYQApAE0ATQBEACAARwBBAE4AIABUAG8AdwBhAHIAZABzAC4AcABkAGYADwAaAAwATQBhAGMAaQBuAHQAbwBzAGgAIABIAEQAEgBVVXNlcnMvTWljaGFlbEFyYmVsL0RvY3VtZW50cy9HYXRzYnkvUmVzZWFyY2gvbGl0dGVyYXR1cmUvTGkoMjAxN2EpTU1EIEdBTiBUb3dhcmRzLnBkZgAAEwABLwAAFQACABP//wAAgAbSGxwdHlokY2xhc3NuYW1lWCRjbGFzc2VzXU5TTXV0YWJsZURhdGGjHR8gVk5TRGF0YVhOU09iamVjdNIbHCIjXE5TRGljdGlvbmFyeaIiIF8QD05TS2V5ZWRBcmNoaXZlctEmJ1Ryb290gAEACAARABoAIwAtADIANwBAAEYATQBVAGAAZwBqAGwAbgBxAHMAdQB3AIQAjgDCAMcAzwLfAuEC5gLxAvoDCAMMAxMDHAMhAy4DMQNDA0YDSwAAAAAAAAIBAAAAAAAAACgAAAAAAAAAAAAAAAAAAANN},
	Bdsk-File-2 = {YnBsaXN0MDDUAQIDBAUGJCVYJHZlcnNpb25YJG9iamVjdHNZJGFyY2hpdmVyVCR0b3ASAAGGoKgHCBMUFRYaIVUkbnVsbNMJCgsMDxJXTlMua2V5c1pOUy5vYmplY3RzViRjbGFzc6INDoACgAOiEBGABIAFgAdccmVsYXRpdmVQYXRoWWFsaWFzRGF0YV8QMS4uLy4uLy4uL2xpdHRlcmF0dXJlL0xpKDIwMTdiKU1NRCBHQU4gVG93YXJkcy5wZGbSFwsYGVdOUy5kYXRhTxECDAAAAAACDAACAAAMTWFjaW50b3NoIEhEAAAAAAAAAAAAAAAAAAAAzDEhAkgrAAAFVlu0HExpKDIwMTdiKU1NRCBHQU4gVG93YXJkcy5wZGYAAAAAAAAAAAAAAAAAAAAAAAAAAAAAAAAAAAAAAAAAAAAAAAf1jenYMxNNAAAAAAAAAAAAAwACAAAJIAAAAAAAAAAAAAAAAAAAAAtsaXR0ZXJhdHVyZQAAEAAIAADMMRLyAAAAEQAIAADYMxNNAAAAAQAYBVZbtAVWW34FVlscAzpZgAM6WX8AAg35AAIAaE1hY2ludG9zaCBIRDpVc2VyczoATWljaGFlbEFyYmVsOgBEb2N1bWVudHM6AEdhdHNieToAUmVzZWFyY2g6AGxpdHRlcmF0dXJlOgBMaSgyMDE3YilNTUQgR0FOIFRvd2FyZHMucGRmAA4AOgAcAEwAaQAoADIAMAAxADcAYgApAE0ATQBEACAARwBBAE4AIABUAG8AdwBhAHIAZABzAC4AcABkAGYADwAaAAwATQBhAGMAaQBuAHQAbwBzAGgAIABIAEQAEgBVVXNlcnMvTWljaGFlbEFyYmVsL0RvY3VtZW50cy9HYXRzYnkvUmVzZWFyY2gvbGl0dGVyYXR1cmUvTGkoMjAxN2IpTU1EIEdBTiBUb3dhcmRzLnBkZgAAEwABLwAAFQACABP//wAAgAbSGxwdHlokY2xhc3NuYW1lWCRjbGFzc2VzXU5TTXV0YWJsZURhdGGjHR8gVk5TRGF0YVhOU09iamVjdNIbHCIjXE5TRGljdGlvbmFyeaIiIF8QD05TS2V5ZWRBcmNoaXZlctEmJ1Ryb290gAEACAARABoAIwAtADIANwBAAEYATQBVAGAAZwBqAGwAbgBxAHMAdQB3AIQAjgDCAMcAzwLfAuEC5gLxAvoDCAMMAxMDHAMhAy4DMQNDA0YDSwAAAAAAAAIBAAAAAAAAACgAAAAAAAAAAAAAAAAAAANN},
	Bdsk-Url-1 = {http://arxiv.org/abs/1705.08584}}


@article{Bolte:2016,
	title={A family of functional inequalities: {\L}ojasiewicz inequalities and displacement convex functions},
	author={Blanchet, Adrien and Bolte, J{\'e}r{\^o}me},
	journal={Journal of Functional Analysis},
	volume={275},
	number={7},
	pages={1650--1673},
	Year={2018},
	publisher={Elsevier}
}

@book{Steinwart:2008a,
	Author = {Steinwart, Ingo and Christmann, Andreas},
	Date-Added = {2019-05-19 11:35:35 +0000},
	Date-Modified = {2019-05-19 11:35:35 +0000},
	Edition = {1st},
	Isbn = {0387772413},
	Publisher = {Springer Publishing Company, Incorporated},
	Title = {Support Vector Machines},
	Year = {2008},
	Bdsk-File-1 = {YnBsaXN0MDDUAQIDBAUGJCVYJHZlcnNpb25YJG9iamVjdHNZJGFyY2hpdmVyVCR0b3ASAAGGoKgHCBMUFRYaIVUkbnVsbNMJCgsMDxJXTlMua2V5c1pOUy5vYmplY3RzViRjbGFzc6INDoACgAOiEBGABIAFgAdccmVsYXRpdmVQYXRoWWFsaWFzRGF0YV8QMC4uLy4uLy4uL2xpdHRlcmF0dXJlL1N0ZWlud2FydCgyMDA4YSlTdXBwb3J0LnBkZtIXCxgZV05TLmRhdGFPEQIIAAAAAAIIAAIAAAxNYWNpbnRvc2ggSEQAAAAAAAAAAAAAAAAAAADMMSECSCsAAAVWW7QbU3RlaW53YXJ0KDIwMDhhKVN1cHBvcnQucGRmAAAAAAAAAAAAAAAAAAAAAAAAAAAAAAAAAAAAAAAAAAAAAAAABoOeM9X4AG0AAAAAAAAAAAADAAIAAAkgAAAAAAAAAAAAAAAAAAAAC2xpdHRlcmF0dXJlAAAQAAgAAMwxEvIAAAARAAgAANX38l0AAAABABgFVlu0BVZbfgVWWxwDOlmAAzpZfwACDfkAAgBnTWFjaW50b3NoIEhEOlVzZXJzOgBNaWNoYWVsQXJiZWw6AERvY3VtZW50czoAR2F0c2J5OgBSZXNlYXJjaDoAbGl0dGVyYXR1cmU6AFN0ZWlud2FydCgyMDA4YSlTdXBwb3J0LnBkZgAADgA4ABsAUwB0AGUAaQBuAHcAYQByAHQAKAAyADAAMAA4AGEAKQBTAHUAcABwAG8AcgB0AC4AcABkAGYADwAaAAwATQBhAGMAaQBuAHQAbwBzAGgAIABIAEQAEgBUVXNlcnMvTWljaGFlbEFyYmVsL0RvY3VtZW50cy9HYXRzYnkvUmVzZWFyY2gvbGl0dGVyYXR1cmUvU3RlaW53YXJ0KDIwMDhhKVN1cHBvcnQucGRmABMAAS8AABUAAgAT//8AAIAG0hscHR5aJGNsYXNzbmFtZVgkY2xhc3Nlc11OU011dGFibGVEYXRhox0fIFZOU0RhdGFYTlNPYmplY3TSGxwiI1xOU0RpY3Rpb25hcnmiIiBfEA9OU0tleWVkQXJjaGl2ZXLRJidUcm9vdIABAAgAEQAaACMALQAyADcAQABGAE0AVQBgAGcAagBsAG4AcQBzAHUAdwCEAI4AwQDGAM4C2gLcAuEC7AL1AwMDBwMOAxcDHAMpAywDPgNBA0YAAAAAAAACAQAAAAAAAAAoAAAAAAAAAAAAAAAAAAADSA==}}

@inproceedings{Mroueh:2019,
	title={Sobolev Descent},
	author={Mroueh, Youssef and Sercu, Tom and Raj, Anant},
	booktitle={AISTATS},
	year={2019}
}


@article{Peyre:2011,
	title={Comparison between {$W_2$} distance and {$\dot{H}^{-1}$} norm, and localisation of {Wasserstein} distance},
	author={Peyre, R{\'e}mi},
	journal={ESAIM: Control, Optimisation and Calculus of Variations},
	volume={24},
	number={4},
	pages={1489--1501},
	year={2018},
	publisher={EDP Sciences}
}


@article{Otto:2000,
	title={Generalization of an inequality by Talagrand and links with the logarithmic Sobolev inequality},
	author={Otto, Felix and Villani, C{\'e}dric},
	journal={Journal of Functional Analysis},
	volume={173},
	number={2},
	pages={361--400},
	year={2000},
	publisher={Elsevier}
}

@article{carrillo2019blob,
	Author = {Carrillo, Jos{\'e} Antonio and Craig, Katy and Patacchini, Francesco S},
	Date-Added = {2019-05-17 17:13:25 +0000},
	Date-Modified = {2019-05-17 17:13:25 +0000},
	Journal = {Calculus of Variations and Partial Differential Equations},
	Number = {2},
	Pages = {53},
	Publisher = {Springer},
	Title = {A blob method for diffusion},
	Volume = {58},
	Year = {2019}}

@article{craig2016blob,
	Author = {Craig, Katy and Bertozzi, Andrea},
	Date-Added = {2019-05-17 17:13:11 +0000},
	Date-Modified = {2019-05-17 17:13:11 +0000},
	Journal = {Mathematics of computation},
	Number = {300},
	Pages = {1681--1717},
	Title = {A blob method for the aggregation equation},
	Volume = {85},
	Year = {2016}}

@article{Chaudhari:2017,
	Author = {Chaudhari, Pratik and Oberman, Adam and Osher, Stanley and Soatto, Stefano and Carlier, Guillaume},
	Journal = {arXiv:1704.04932 [cs, math]},
	Title = {Deep {Relaxation}: partial differential equations for optimizing deep neural networks},
	Url = {http://arxiv.org/abs/1704.04932},
	Year = {2017}}

@inproceedings{Hazan:2015,
	title={On graduated optimization for stochastic non-convex problems},
	author={Hazan, Elad and Levy, Kfir Yehuda and Shalev-Shwartz, Shai},
	booktitle={ICML},
	year={2016}
}

@article{Gulcehre:2016,
	title={Mollifying networks},
	author={Gulcehre, Caglar and Moczulski, Marcin and Visin, Francesco and Bengio, Yoshua},
	journal={arXiv preprint arXiv:1608.04980},
	year={2016}
}

@article{Mobahi:2016,
	Abstract = {This work presents a new algorithm for training recurrent neural networks (although ideas are applicable to feedforward networks as well). The algorithm is derived from a theory in nonconvex optimization related to the diffusion equation. The contributions made in this work are two fold. First, we show how some seemingly disconnected mechanisms used in deep learning such as smart initialization, annealed learning rate, layerwise pretraining, and noise injection (as done in dropout and SGD) arise naturally and automatically from this framework, without manually crafting them into the algorithms. Second, we present some preliminary results on comparing the proposed method against SGD. It turns out that the new algorithm can achieve similar level of generalization accuracy of SGD in much fewer number of epochs.},
	Author = {Mobahi, Hossein},
	Date-Added = {2019-05-17 16:53:44 +0000},
	Date-Modified = {2019-05-17 16:53:44 +0000},
	Journal = {arXiv:1601.04114 [cs]},
	Keywords = {Computer Science - Machine Learning},
	Month = jan,
	Note = {arXiv: 1601.04114},
	Title = {Training {Recurrent} {Neural} {Networks} by {Diffusion}},
	Url = {http://arxiv.org/abs/1601.04114},
	Urldate = {2019-05-17},
	Year = {2016},
	Bdsk-File-1 = {YnBsaXN0MDDUAQIDBAUGJCVYJHZlcnNpb25YJG9iamVjdHNZJGFyY2hpdmVyVCR0b3ASAAGGoKgHCBMUFRYaIVUkbnVsbNMJCgsMDxJXTlMua2V5c1pOUy5vYmplY3RzViRjbGFzc6INDoACgAOiEBGABIAFgAdccmVsYXRpdmVQYXRoWWFsaWFzRGF0YV8QLi4uLy4uLy4uL2xpdHRlcmF0dXJlL01vYmFoaSgyMDE2YSlUcmFpbmluZy5wZGbSFwsYGVdOUy5kYXRhTxECAAAAAAACAAACAAAMTWFjaW50b3NoIEhEAAAAAAAAAAAAAAAAAAAAzDEhAkgrAAAFVlu0GU1vYmFoaSgyMDE2YSlUcmFpbmluZy5wZGYAAAAAAAAAAAAAAAAAAAAAAAAAAAAAAAAAAAAAAAAAAAAAAAAAAAiC273ZBKRBAAAAAAAAAAAAAwACAAAJIAAAAAAAAAAAAAAAAAAAAAtsaXR0ZXJhdHVyZQAAEAAIAADMMRLyAAAAEQAIAADZBJYxAAAAAQAYBVZbtAVWW34FVlscAzpZgAM6WX8AAg35AAIAZU1hY2ludG9zaCBIRDpVc2VyczoATWljaGFlbEFyYmVsOgBEb2N1bWVudHM6AEdhdHNieToAUmVzZWFyY2g6AGxpdHRlcmF0dXJlOgBNb2JhaGkoMjAxNmEpVHJhaW5pbmcucGRmAAAOADQAGQBNAG8AYgBhAGgAaQAoADIAMAAxADYAYQApAFQAcgBhAGkAbgBpAG4AZwAuAHAAZABmAA8AGgAMAE0AYQBjAGkAbgB0AG8AcwBoACAASABEABIAUlVzZXJzL01pY2hhZWxBcmJlbC9Eb2N1bWVudHMvR2F0c2J5L1Jlc2VhcmNoL2xpdHRlcmF0dXJlL01vYmFoaSgyMDE2YSlUcmFpbmluZy5wZGYAEwABLwAAFQACABP//wAAgAbSGxwdHlokY2xhc3NuYW1lWCRjbGFzc2VzXU5TTXV0YWJsZURhdGGjHR8gVk5TRGF0YVhOU09iamVjdNIbHCIjXE5TRGljdGlvbmFyeaIiIF8QD05TS2V5ZWRBcmNoaXZlctEmJ1Ryb290gAEACAARABoAIwAtADIANwBAAEYATQBVAGAAZwBqAGwAbgBxAHMAdQB3AIQAjgC/AMQAzALQAtIC1wLiAusC+QL9AwQDDQMSAx8DIgM0AzcDPAAAAAAAAAIBAAAAAAAAACgAAAAAAAAAAAAAAAAAAAM+}}


@inproceedings{Gulcehre:2016a,
	title={Noisy activation functions},
	author={Gulcehre, Caglar and Moczulski, Marcin and Denil, Misha and Bengio, Yoshua},
	booktitle={ICML},
	year={2016}
}

@article{tolstikhin2017minimax,
	Author = {Tolstikhin, Ilya and Sriperumbudur, Bharath K and Muandet, Krikamol},
	Journal = {The Journal of Machine Learning Research},
	Number = {1},
	Pages = {3002--3048},
	Publisher = {JMLR. org},
	Title = {Minimax estimation of kernel mean embeddings},
	Volume = {18},
	Year = {2017}}

@article{herrmann2010non,
	Author = {Herrmann, Samuel and Tugaut, Julian},
	Journal = {Stochastic Processes and their Applications},
	Number = {7},
	Pages = {1215--1246},
	Publisher = {Elsevier},
	Title = {Non-uniqueness of stationary measures for self-stabilizing processes},
	Volume = {120},
	Year = {2010}}

@article{tugaut2014phase,
	Author = {Tugaut, Julian},
	Journal = {Stochastics An International Journal of Probability and Stochastic Processes},
	Number = {2},
	Pages = {257--284},
	Publisher = {Taylor \& Francis},
	Title = {Phase transitions of McKean--Vlasov processes in double-wells landscape},
	Volume = {86},
	Year = {2014}}

@article{tugaut2013convergence,
	Author = {Tugaut, Julian and others},
	Journal = {The Annals of Probability},
	Number = {3A},
	Pages = {1427--1460},
	Publisher = {Institute of Mathematical Statistics},
	Title = {Convergence to the equilibria for self-stabilizing processes in double-well landscape},
	Volume = {41},
	Year = {2013}}

@article{tugaut2014self,
	Author = {Tugaut, Julian},
	Journal = {Journal of Theoretical Probability},
	Number = {1},
	Pages = {57--79},
	Publisher = {Springer},
	Title = {Self-stabilizing Processes in Multi-wells Landscape in $\mathbb{R}^d$-Invariant Probabilities},
	Volume = {27},
	Year = {2014}}

@article{sutherland2017efficient,
	Author = {Sutherland, Dougal J and Strathmann, Heiko and Arbel, Michael and Gretton, Arthur},
	Journal = {AISTATS},
	Title = {Efficient and principled score estimation with Nystr{\"o}m kernel exponential families},
	Year = {2018}}

@inproceedings{csimcsekli2018sliced,
	Author = {{\c{S}}im{\c{s}}ekli, Umut and Liutkus, Antoine and Majewski, Szymon and Durmus, Alain},
	Booktitle = {ICML},
	Title = {Sliced-Wasserstein flows: Nonparametric generative modeling via optimal transport and diffusions},
	Year = {2019}}

@inproceedings{liu2017stein,
	Author = {Liu, Qiang},
	Booktitle = {Advances in neural information processing systems},
	Pages = {3115--3123},
	Title = {Stein variational gradient descent as gradient flow},
	Year = {2017}}

@article{rotskoff2018neural,
	Author = {Rotskoff, Grant M and Vanden-Eijnden, Eric},
	Journal = {arXiv preprint arXiv:1805.00915},
	Title = {Neural networks as interacting particle systems: Asymptotic convexity of the loss landscape and universal scaling of the approximation error},
	Year = {2018}}

@article{mei2018mean,
	Author = {Mei, Song and Montanari, Andrea and Nguyen, Phan-Minh},
	Journal = {Proceedings of the National Academy of Sciences},
	Number = {33},
	Pages = {E7665--E7671},
	Publisher = {National Acad Sciences},
	Title = {A mean field view of the landscape of two-layer neural networks},
	Volume = {115},
	Year = {2018}}

@article{sirignano2018mean,
	Author = {Sirignano, Justin and Spiliopoulos, Konstantinos},
	Journal = {arXiv preprint arXiv:1808.09372},
	Title = {Mean field analysis of neural networks: A central limit theorem},
	Year = {2018}}

@book{smola1998learning,
	Author = {Smola, Alex J and Scholkopf, Bernhard},
	Publisher = {Citeseer},
	Title = {Learning with kernels},
	Volume = {4},
	Year = {1998}}

@misc{pavliotis2011stochastic,
	Author = {Pavliotis, Grigorios A},
	Publisher = {Springer},
	Title = {Stochastic processes and applications},
	Year = {2011}}

@article{mckean1966class,
	Author = {McKean Jr, HP},
	Journal = {Proceedings of the National Academy of Sciences of the United States of America},
	Number = {6},
	Pages = {1907},
	Publisher = {National Academy of Sciences},
	Title = {A class of Markov processes associated with nonlinear parabolic equations},
	Volume = {56},
	Year = {1966}}

@article{durmus2018elementary,
	Author = {Durmus, Alain and Eberle, Andreas and Guillin, Arnaud and Zimmer, Raphael},
	Journal = {arXiv preprint arXiv:1805.11387},
	Title = {An elementary approach to uniform in time propagation of chaos},
	Year = {2018}}

@inproceedings{kac1956foundations,
	Author = {Kac, Mark},
	Booktitle = {Proceedings of The third Berkeley symposium on mathematical statistics and probability},
	Organization = {University of California Press Berkeley and Los Angeles, California},
	Pages = {171--197},
	Title = {Foundations of kinetic theory},
	Volume = {3},
	Year = {1956}}

@inproceedings{chizat2018global,
	Author = {Chizat, Lenaic and Bach, Francis},
	Publisher = {NIPS},
	Title = {On the global convergence of gradient descent for over-parameterized models using optimal transport},
	Year = {2018}}

@article{dudley1969speed,
	Author = {Dudley, RM},
	Journal = {The Annals of Mathematical Statistics},
	Number = {1},
	Pages = {40--50},
	Publisher = {JSTOR},
	Title = {The speed of mean Glivenko-Cantelli convergence},
	Volume = {40},
	Year = {1969}}

@article{weed2017sharp,
	Author = {Weed, Jonathan and Bach, Francis},
	Journal = {arXiv preprint arXiv:1707.00087},
	Title = {Sharp asymptotic and finite-sample rates of convergence of empirical measures in Wasserstein distance},
	Year = {2017}}


@article{jourdain2007nonlinear,
	Author = {Jourdain, Benjamin and M{\'e}l{\'e}ard, Sylvie and Woyczynski, Wojbor},
	Journal = {arXiv preprint arXiv:0707.2723},
	Title = {Nonlinear SDEs driven by Levy proesses and related PDEs},
	Year = {2007}}

@article{sriperumbudur2010hilbert,
	Author = {Sriperumbudur, Bharath K and Gretton, Arthur and Fukumizu, Kenji and Sch{\"o}lkopf, Bernhard and Lanckriet, Gert RG},
	Journal = {Journal of Machine Learning Research},
	Number = {Apr},
	Pages = {1517--1561},
	Title = {Hilbert space embeddings and metrics on probability measures},
	Volume = {11},
	Year = {2010}}

@incollection{sznitman1991topics,
	Author = {Sznitman, Alain-Sol},
	Booktitle = {Ecole d'{\'e}t{\'e} de probabilit{\'e}s de Saint-Flour},
	Pages = {165--251},
	Publisher = {Springer},
	Title = {Topics in propagation of chaos},
	Year = {1991}}


@inproceedings{rotskoff2019global,
	Author = {Rotskoff, Grant and Jelassi, Samy and Bruna, Joan and Vanden-Eijnden, Eric},
	Booktitle = {ICML},
	Title = {Global convergence of neuron birth-death dynamics},
	Year = {2019}}

@article{mroueh2018regularized,
	Author = {Mroueh, Youssef and Sercu, Tom and Raj, Anant},
	Journal = {arXiv preprint arXiv:1805.12062},
	Title = {Regularized Kernel and Neural Sobolev Descent: Dynamic MMD Transport},
	Year = {2018}}

@article{shi2018spectral,
	Author = {Shi, Jiaxin and Sun, Shengyang and Zhu, Jun},
	Journal = {ICML},
	Title = {A spectral approach to gradient estimation for implicit distributions},
	Year = {2018}}

@article{li2018gradient,
	Author = {Li, Yingzhen and Turner, Richard E},
	Journal = {ICLR},
	Title = {Gradient estimators for implicit models},
	Year = {2018}}

@book{ito1951stochastic,
	Author = {It{\^o}, Kiyosi},
	Publisher = {American Mathematical Soc.},
	Title = {On stochastic differential equations},
	Volume = {4},
	Year = {1951}}

@article{Arbel:2018,
	Author = {Arbel, Michael and Sutherland, Dougal J. and Bi{\'n}kowski, Miko{\l}aj and Gretton, Arthur},
	Journal = {NIPS},
	Title = {On gradient regularizers for {MMD} {GANs}},
	Year = {2018}}

@article{Santambrogio:2015,
	title={Optimal transport for applied mathematicians},
	author={Santambrogio, Filippo},
	journal={Birk{\"a}user, NY},
	volume={55},
	pages={58--63},
	year={2015},
	publisher={Springer}
}
@article{santambrogio2017euclidean,
	Author = {Santambrogio, Filippo},
	Journal = {Bulletin of Mathematical Sciences},
	Number = {1},
	Pages = {87--154},
	Publisher = {Springer},
	Title = {$\{$Euclidean, metric, and Wasserstein$\}$ gradient flows: an overview},
	Volume = {7},
	Year = {2017}}

@book{ambrosio2008gradient,
	Author = {Ambrosio, Luigi and Gigli, Nicola and Savar{\'e}, Giuseppe},
	Publisher = {Springer Science \& Business Media},
	Title = {Gradient flows: in metric spaces and in the space of probability measures},
	Year = {2008}}

@article{wibisono2018sampling,
	Author = {Wibisono, Andre},
	Journal = {arXiv preprint arXiv:1802.08089},
	Title = {Sampling as optimization in the space of measures: The Langevin dynamics as a composite optimization problem},
	Year = {2018}}

@article{mmd-jmlr,
	Author = {Gretton, A. and Borgwardt, K. M. and Rasch, M. J. and Sch{\"{o}}lkopf, B. and Smola, A. J.},
	Date-Added = {2019-04-02 12:33:53 +0000},
	Date-Modified = {2019-04-02 12:33:53 +0000},
	Journal = {JMLR},
	Title = {A Kernel Two-Sample Test},
	Volume = {13},
	Year = {2012}}

@inproceedings{likelihoods-vs-samples,
	Archiveprefix = {arXiv},
	Author = {Theis, L. and van den Oord, A. and Bethge, M.},
	Booktitle = {ICLR},
	Date-Added = {2019-04-02 12:33:53 +0000},
	Date-Modified = {2019-04-02 12:33:53 +0000},
	Eprint = {1511.01844},
	Title = {A note on the evaluation of generative models},
	Year = {2016}}

@misc{note-on-inception,
	Archiveprefix = {arXiv},
	Author = {Shane Barratt and Rishi Sharma},
	Date-Added = {2019-04-02 12:33:53 +0000},
	Date-Modified = {2019-04-02 12:33:53 +0000},
	Eprint = {1801.01973},
	Title = {A Note on the Inception Score},
	Year = {2018}}

@article{owen:integrals,
	Author = {Owen, D. B.},
	Date-Added = {2019-04-02 12:33:53 +0000},
	Date-Modified = {2019-04-02 12:33:53 +0000},
	Number = {4},
	Pages = {389--419},
	Title = {A table of normal integrals},
	Volume = {9},
	Year = {1980}}

@inproceedings{3sample,
	Archiveprefix = {arXiv},
	Author = {W. Bounliphone and E. Belilovsky and M. B. Blaschko and I. Antonoglou and A. Gretton},
	Booktitle = {ICLR},
	Date-Added = {2019-04-02 12:33:53 +0000},
	Date-Modified = {2019-04-02 12:33:53 +0000},
	Eprint = {1511.04581},
	Title = {A Test of Relative Similarity For Model Selection in Generative Models},
	Year = {2016}}

@inproceedings{adam,
	Archiveprefix = {arXiv},
	Author = {Kingma, D. and Ba, J.},
	Booktitle = {ICLR},
	Date-Added = {2019-04-02 12:33:53 +0000},
	Date-Modified = {2019-04-02 12:33:53 +0000},
	Eprint = {1412.6980},
	Title = {Adam: A Method for Stochastic Optimization},
	Year = {2015}}

@misc{empirical-evaluation,
	Author = {Gao Huang and Yang Yuan and Qiantong Xu and Chuan Guo and Yu Sun and Felix Wu and Kilian Weinberger},
	Date-Added = {2019-04-02 12:33:53 +0000},
	Date-Modified = {2019-04-02 12:33:53 +0000},
	Title = {An empirical study on evaluation metrics of generative adversarial networks},
	Url = {https://openreview.net/forum?id=Sy1f0e-R-},
	Year = {2018},
	Bdsk-Url-1 = {https://openreview.net/forum?id=Sy1f0e-R-}}

@inproceedings{approx-convergence-props,
	Archiveprefix = {arXiv},
	Author = {Liu, S. and Bousquet, O. and Chaudhuri, K.},
	Booktitle = {NIPS},
	Date-Added = {2019-04-02 12:33:53 +0000},
	Date-Modified = {2019-04-02 12:33:53 +0000},
	Eprint = {1705.08991},
	Title = {Approximation and Convergence Properties of Generative Adversarial Learning},
	Year = {2017}}

@misc{began,
	Archiveprefix = {arXiv},
	Author = {D. Berthelot and T. Schumm and L. Metz},
	Date-Added = {2019-04-02 12:33:53 +0000},
	Date-Modified = {2019-04-02 12:33:53 +0000},
	Eprint = {1703.10717},
	Title = {{BEGAN}: Boundary Equilibrium Generative Adversarial Networks},
	Year = {2017}}

@inproceedings{BenMesDauRif13,
	Archiveprefix = {arXiv},
	Author = {Y. Bengio and G. Mesnil and Y. Dauphin and S. Rifai},
	Booktitle = {ICML},
	Date-Added = {2019-04-02 12:33:53 +0000},
	Date-Modified = {2019-04-02 12:33:53 +0000},
	Eprint = {1207.4404},
	Title = {Better mixing via deep representations},
	Year = {2013}}

@inproceedings{beyond-face-rotation,
	Archiveprefix = {arXiv},
	Author = {R. Huang and S. Zhang and T. Li and R. He},
	Booktitle = {ICCV},
	Date-Added = {2019-04-02 12:33:53 +0000},
	Date-Modified = {2019-04-02 12:33:53 +0000},
	Eprint = {1704.04086},
	Title = {Beyond Face Rotation: Global and Local Perception {GAN} for Photorealistic and Identity Preserving Frontal View Synthesis},
	Year = {2017}}

@inproceedings{Hjelm:2018,
	Author = {Hjelm, {R. Devon} and Jacob, {Athul Paul} and Che, Tong and Trischler, Adam and Cho, Kyunghyun and Bengio,Yoshua},
	Booktitle = {ICLR},
	Date-Added = {2019-04-02 12:33:53 +0000},
	Date-Modified = {2019-04-02 12:33:53 +0000},
	Title = {Boundary-Seeking Generative Adversarial Networks},
	Year = {2018}}

@inproceedings{b-test,
	Archiveprefix = {arXiv},
	Author = {Zaremba, W. and Gretton, A. and Blaschko, M. B.},
	Booktitle = {NIPS},
	Date-Added = {2019-04-02 12:33:53 +0000},
	Date-Modified = {2019-04-02 12:33:53 +0000},
	Eprint = {1307.1954},
	Title = {B-tests: Low Variance Kernel Two-Sample Tests},
	Year = {2013}}

@misc{gan-vs-ml-realnvp,
	Archiveprefix = {arXiv},
	Author = {Danihelka, I. and Lakshminarayanan, B. and Uria, B. and Wierstra, D. and Dayan, P.},
	Date-Added = {2019-04-02 12:33:53 +0000},
	Date-Modified = {2019-04-02 12:33:53 +0000},
	Eprint = {1705.05263},
	Title = {Comparison of Maximum Likelihood and {GAN}-based training of {R}eal {NVP}s},
	Year = {2017}}

@inproceedings{coulomb-gan,
	Archiveprefix = {arXiv},
	Arxivid = {1708.08819},
	Author = {Unterthiner, Thomas and Nessler, Bernhard and Seward, Calvin and Klambauer, G{\"{u}}nter and Heusel, Martin and Ramsauer, Hubert and Hochreiter, Sepp},
	Booktitle = {ICLR},
	Date-Added = {2019-04-02 12:33:53 +0000},
	Date-Modified = {2019-04-02 12:33:53 +0000},
	Eprint = {1708.08819},
	Title = {{C}oulomb {GAN}s: Provably Optimal Nash Equilibria via Potential Fields},
	Year = {2018}}

@inproceedings{celeba,
	Author = {Liu, Z. and Luo, P. and Wang, X. and Tang, X.},
	Booktitle = {ICCV},
	Date-Added = {2019-04-02 12:33:53 +0000},
	Date-Modified = {2019-04-02 12:33:53 +0000},
	Title = {Deep learning face attributes in the wild},
	Year = {2015}}

@inproceedings{Binkowski:2018,
	Author = {Bi{\'n}kowski, Miko{\l}aj and Sutherland, Dougal J. and Arbel, Michael and Gretton, Arthur},
	Booktitle = {ICLR},
	Title = {Demystifying {MMD} {GANs}},
	Year = {2018}}

@inproceedings{real-nvp,
	Archiveprefix = {arXiv},
	Author = {Dinh, L. and Sohl-Dickstein, J. and Bengio, S.},
	Booktitle = {ICLR},
	Date-Added = {2019-04-02 12:33:53 +0000},
	Date-Modified = {2019-04-02 12:33:53 +0000},
	Eprint = {1605.08803},
	Title = {Density estimation using Real {NVP}},
	Year = {2017}}

@incollection{Bouchacourt:2016,
	Author = {Bouchacourt, D. and Mudigonda, P. K. and Nowozin, S.},
	Booktitle = {NIPS},
	Date-Added = {2019-04-02 12:33:53 +0000},
	Date-Modified = {2019-04-02 12:33:53 +0000},
	Pages = {352--360},
	Title = {{DISCO} Nets: {DIS}similarity {CO}efficients Networks},
	Year = {2016}}

@article{Lyons13,
	Author = {R. Lyons},
	Date-Added = {2019-04-02 12:33:53 +0000},
	Date-Modified = {2019-04-02 12:33:53 +0000},
	Journal = {The Annals of Probability},
	Number = {5},
	Pages = {3051--3696},
	Title = {Distance covariance in metric spaces},
	Volume = {41},
	Year = {2013}}

@misc{dan,
	Archiveprefix = {arXiv},
	Author = {Li, C. and Alvarez-Melis, D. and Xu, K. and Jegelka, S. and Sra, S.},
	Date-Added = {2019-04-02 12:33:53 +0000},
	Date-Modified = {2019-04-02 12:33:53 +0000},
	Eprint = {1706.09549},
	Title = {Distributional Adversarial Networks},
	Year = {2017}}

@misc{birthday-test,
	Archiveprefix = {arXiv},
	Author = {Arora, S. and Zhang, Y.},
	Date-Added = {2019-04-02 12:33:53 +0000},
	Date-Modified = {2019-04-02 12:33:53 +0000},
	Eprint = {1706.08224},
	Title = {Do {GAN}s actually learn the distribution? {A}n empirical study},
	Year = {2017}}

@article{envelope-thm,
	Author = {P. Milgrom and I. Segal},
	Date-Added = {2019-04-02 12:33:53 +0000},
	Date-Modified = {2019-04-02 12:33:53 +0000},
	Journal = {Econometrica},
	Number = {2},
	Pages = {583--601},
	Title = {Envelope theorems for arbitrary choice sets},
	Volume = {70},
	Year = {2002}}

@article{energy-dist-is-mmd,
	Archiveprefix = {arXiv},
	Author = {Sejdinovic, D. and Sriperumbudur, B. K. and Gretton, A. and Fukumizu, K.},
	Date-Added = {2019-04-02 12:33:53 +0000},
	Date-Modified = {2019-04-02 12:33:53 +0000},
	Eprint = {1207.6076},
	Journal = {The Annals of Stastistics},
	Number = {5},
	Pages = {2263--2291},
	Title = {Equivalence of distance-based and {RKHS}-based statistics in hypothesis testing},
	Volume = {41},
	Year = {2013}}

@inproceedings{elu,
	Archiveprefix = {arXiv},
	Author = {Clevert, D.-A. and Unterthiner, T. and Hochreiter, S.},
	Booktitle = {ICLR},
	Date-Added = {2019-04-02 12:33:53 +0000},
	Date-Modified = {2019-04-02 12:33:53 +0000},
	Eprint = {1511.07289},
	Title = {Fast and Accurate Deep Network Learning by Exponential Linear Units ({ELU}s)},
	Year = {2016}}

@inproceedings{NowBotRyo16,
	Archiveprefix = {arXiv},
	Author = {S. Nowozin and B. Cseke and R. Tomioka},
	Booktitle = {NIPS},
	Date-Added = {2019-04-02 12:33:53 +0000},
	Date-Modified = {2019-04-02 12:33:53 +0000},
	Eprint = {1606.00709},
	Title = {f-{GAN}: Training Generative Neural Samplers using Variational Divergence Minimization},
	Year = {2016}}

@misc{first-order-gans,
	Archiveprefix = {arXiv},
	Arxivid = {1802.04591},
	Author = {Seward, Calvin and Unterthiner, Thomas and Bergmann, Urs and Jetchev, Nikolay and Hochreiter, Sepp},
	Date-Added = {2019-04-02 12:33:53 +0000},
	Date-Modified = {2019-04-02 12:33:53 +0000},
	Eprint = {1802.04591},
	Title = {First Order Generative Adversarial Networks},
	Year = {2018}}

@inproceedings{fisher-gan,
	Archiveprefix = {arXiv},
	Author = {Mroueh, Youssef and Sercu, Tom},
	Booktitle = {NIPS},
	Date-Added = {2019-04-02 12:33:53 +0000},
	Date-Modified = {2019-04-02 12:33:53 +0000},
	Eprint = {1705.09675},
	Title = {{F}isher {GAN}},
	Year = {2017}}

@inproceedings{fid,
	Archiveprefix = {arXiv},
	Author = {Heusel, M. and Ramsauer, H. and Unterthiner, T. and Nessler, B. and Klambauer, G. and Hochreiter, S.},
	Booktitle = {NIPS},
	Date-Added = {2019-04-02 12:33:53 +0000},
	Date-Modified = {2019-04-02 12:33:53 +0000},
	Eprint = {1706.08500},
	Title = {{GAN}s Trained by a Two Time-Scale Update Rule Converge to a {N}ash Equilibrium},
	Year = {2017}}

@book{RasWil06,
	Address = {Cambridge, MA},
	Author = {C. E. Rasmussen and C. K. I. Williams},
	Date-Added = {2019-04-02 12:33:53 +0000},
	Date-Modified = {2019-04-02 12:33:53 +0000},
	Publisher = {MIT Press},
	Title = {Gaussian Processes for Machine Learning},
	Year = {2006}}

@inproceedings{arora:gen-equilibrium,
	Archiveprefix = {arXiv},
	Author = {Arora, S. and Ge, R. and Liang, Y. and Ma, T. and Zhang, Y.},
	Booktitle = {ICML},
	Date-Added = {2019-04-02 12:33:53 +0000},
	Date-Modified = {2019-04-02 12:33:53 +0000},
	Eprint = {1703.00573},
	Title = {Generalization and Equilibrium in Generative Adversarial Nets ({GAN}s)},
	Year = {2017}}

@inproceedings{gans,
	Archiveprefix = {arXiv},
	Author = {Goodfellow, I. and Pouget-Abadie, J. and Mirza, M. and Xu, B. and Warde-Farley, D. and Ozair, S. and Courville, A. and Bengio, Y.},
	Booktitle = {NIPS},
	Date-Added = {2019-04-02 12:33:53 +0000},
	Date-Modified = {2019-04-02 12:33:53 +0000},
	Eprint = {1406.2661},
	Title = {Generative Adversarial Nets},
	Year = {2014}}

@inproceedings{opt-mmd,
	Archiveprefix = {arXiv},
	Author = {Sutherland, D. J. and Tung, H.-Y. and Strathmann, H. and De, S. and Ramdas, A. and Smola, A. and Gretton, A.},
	Booktitle = {ICLR},
	Date-Added = {2019-04-02 12:33:53 +0000},
	Date-Modified = {2019-04-02 12:33:53 +0000},
	Eprint = {1611.04488},
	Title = {Generative Models and Model Criticism via Optimized Maximum Mean Discrepancy},
	Year = {2017}}

@inproceedings{gmmn,
	Archiveprefix = {arXiv},
	Author = {Li, Y. and Swersky, K. and Zemel, R.},
	Booktitle = {ICML},
	Date-Added = {2019-04-02 12:33:53 +0000},
	Date-Modified = {2019-04-02 12:33:53 +0000},
	Eprint = {1502.02761},
	Title = {Generative Moment Matching Networks},
	Year = {2015}}


@incollection{Bottou:2017,
	title={Geometrical insights for implicit generative modeling},
	author={Bottou, Leon and Arjovsky, Martin and Lopez-Paz, David and Oquab, Maxime},
	booktitle={Braverman Readings in Machine Learning. Key Ideas from Inception to Current State},
	pages={229--268},
	year={2018},
	publisher={Springer}
}

@article{lenet,
	Author = {LeCun, Y. and Bottou, L. and Bengio, Y. and Haffner, P.},
	Date-Added = {2019-04-02 12:33:53 +0000},
	Date-Modified = {2019-04-02 12:33:53 +0000},
	Journal = {Proceedings of the IEEE},
	Title = {Gradient-Based Learning Applied to Document Recognition},
	Year = {1998}}

@article{SriGreFukLanetal10,
	Archiveprefix = {arXiv},
	Author = {B. K. Sriperumbudur and A. Gretton and K. Fukumizu and G. R. G. Lanckriet and B. Sch{\"o}lkopf},
	Date-Added = {2019-04-02 12:33:53 +0000},
	Date-Modified = {2019-04-02 12:33:53 +0000},
	Eprint = {0907.5309},
	Journal = {JMLR},
	Pages = {1517--1561},
	Title = {Hilbert Space Embeddings and Metrics on Probability Measures},
	Volume = {11},
	Year = {2010}}

@misc{how-not-to-train,
	Archiveprefix = {arXiv},
	Author = {Husz\'ar, Ferenc},
	Date-Added = {2019-04-02 12:33:53 +0000},
	Date-Modified = {2019-04-02 12:33:53 +0000},
	Eprint = {1511.05101},
	Title = {How (not) to Train your Generative Model: Scheduled Sampling, Likelihood, Adversary?},
	Year = {2015}}

@misc{Russakovsky:2014,
	Archiveprefix = {arXiv},
	Author = {Russakovsky, Olga and Deng, Jia and Su, Hao and Krause, Jonathan and Satheesh, Sanjeev and Ma, Sean and Huang, Zhiheng and Karpathy, Andrej and Khosla, Aditya and Bernstein, Michael and Berg, Alexander C. and Fei-Fei, Li},
	Date-Added = {2019-04-02 12:33:53 +0000},
	Date-Modified = {2019-04-02 12:33:53 +0000},
	Eprint = {1409.0575},
	Title = {{ImageNet} Large Scale Visual Recognition Challenge},
	Year = {2014}}

@inproceedings{improved-gen-obj,
	Archiveprefix = {arXiv},
	Author = {Poole, Ben and Alemi, Alexander A. and Sohl-Dickstein, Jascha and Angelova, Anelia},
	Booktitle = {NIPS Workshop on Adversarial Training},
	Date-Added = {2019-04-02 12:33:53 +0000},
	Date-Modified = {2019-04-02 12:33:53 +0000},
	Eprint = {1612.02780},
	Title = {Improved generator objectives for {GAN}s},
	Year = {2016}}

@inproceedings{improved-gans,
	Archiveprefix = {arXiv},
	Author = {Salimans, T. and Goodfellow, I. and Zaremba, W. and Cheung, V. and Radford, A. and Chen, X.},
	Booktitle = {NIPS},
	Date-Added = {2019-04-02 12:33:53 +0000},
	Date-Modified = {2019-04-02 12:33:53 +0000},
	Eprint = {1606.03498},
	Title = {Improved Techniques for Training {GAN}s},
	Year = {2016}}

@inproceedings{wgan-gp,
	Archiveprefix = {arXiv},
	Author = {Gulrajani, I. and Ahmed, F. and Arjovsky, M. and Dumoulin, V. and Courville, A.},
	Booktitle = {NIPS},
	Date-Added = {2019-04-02 12:33:53 +0000},
	Date-Modified = {2019-04-02 12:33:53 +0000},
	Eprint = {1704.00028},
	Title = {Improved Training of {W}asserstein {GAN}s},
	Year = {2017}}

@article{Mueller97,
	Author = {A. M{\"u}ller},
	Date-Added = {2019-04-02 12:33:53 +0000},
	Date-Modified = {2019-04-02 12:33:53 +0000},
	Journal = {Advances in Applied Probability},
	Number = {2},
	Pages = {429--443},
	Title = {Integral Probability Metrics and their Generating Classes of Functions},
	Volume = {29},
	Year = {1997}}

@inproceedings{adversarial,
	Archiveprefix = {arXiv},
	Author = {Szegedy, C. and Zaremba, W. and Sutskever, I. and Bruna, J. and Erhan, D. and Goodfellow, I. and Fergus, R.},
	Booktitle = {ICLR},
	Date-Added = {2019-04-02 12:33:53 +0000},
	Date-Modified = {2019-04-02 12:33:53 +0000},
	Eprint = {1312.6199},
	Title = {Intriguing properties of neural networks},
	Year = {2014}}

@inproceedings{kernel-choice-mmd,
	Author = {Sriperumbudur, B. K. and Fukumizu, K. and Gretton, A. and Lanckriet, G. R. G. and Sch{\"{o}}lkopf, B.},
	Booktitle = {NIPS},
	Date-Added = {2019-04-02 12:33:53 +0000},
	Date-Modified = {2019-04-02 12:33:53 +0000},
	Title = {Kernel choice and classifiability for {RKHS} embeddings of probability distributions},
	Year = {2009}}

@book{shawe-taylor-christianini,
	Author = {Shawe-Taylor, John and Cristianini, Nello},
	Date-Added = {2019-04-02 12:33:53 +0000},
	Date-Modified = {2019-04-02 12:33:53 +0000},
	Publisher = {Cambridge University Press},
	Title = {Kernel Methods for Pattern Analysis},
	Year = {2004}}

@inproceedings{sinkhorn-igm,
	Archiveprefix = {arXiv},
	Author = {Aude Genevay and Gabriel Peyr{\'e} and Marco Cuturi},
	Booktitle = {AISTATS},
	Date-Added = {2019-04-02 12:33:53 +0000},
	Date-Modified = {2019-04-02 12:33:53 +0000},
	Eprint = {1706.00292},
	Title = {Learning Generative Models with {S}inkhorn Divergences},
	Year = {2018}}

@misc{igms,
	Archiveprefix = {arXiv},
	Author = {Mohamed, Shakir and Lakshminarayanan, Balaji},
	Date-Added = {2019-04-02 12:33:53 +0000},
	Date-Modified = {2019-04-02 12:33:53 +0000},
	Eprint = {1610.03483},
	Title = {Learning in Implicit Generative Models},
	Year = {2016}}

@misc{cifar10,
	Author = {Krizhevsky, A.},
	Date-Added = {2019-04-02 12:33:53 +0000},
	Date-Modified = {2019-04-02 12:33:53 +0000},
	Title = {Learning Multiple Layers of Features from Tiny Images},
	Year = {2009}}

@misc{lsun,
	Archiveprefix = {arXiv},
	Author = {Yu, F. and Zhang, Y. and Song, S. and Seff, A. and Xiao, J.},
	Date-Added = {2019-04-02 12:33:53 +0000},
	Date-Modified = {2019-04-02 12:33:53 +0000},
	Eprint = {1506.03365},
	Title = {{LSUN}: Construction of a Large-scale Image Dataset using Deep Learning with Humans in the Loop},
	Year = {2015}}

@inproceedings{many-paths,
	Archiveprefix = {arXiv},
	Author = {W. Fedus and M. Rosca and B. Lakshminarayanan and A. M. Dai and S. Mohamed and I. Goodfellow},
	Booktitle = {ICLR},
	Date-Added = {2019-04-02 12:33:53 +0000},
	Date-Modified = {2019-04-02 12:33:53 +0000},
	Eprint = {1710.08446},
	Title = {Many Paths to Equilibrium: {GAN}s Do Not Need to Decrease a Divergence At Every Step},
	Year = {2018}}

@inproceedings{mcgan,
	Archiveprefix = {arXiv},
	Author = {Mroueh, Youssef and Sercu, Tom and Goel, V.},
	Booktitle = {ICML},
	Date-Added = {2019-04-02 12:33:53 +0000},
	Date-Modified = {2019-04-02 12:33:53 +0000},
	Eprint = {1702.08398},
	Title = {{McGan}: Mean and Covariance Feature Matching {GAN}},
	Year = {2017}}

@incollection{Bousquet:2004,
	Author = {Bousquet, Olivier and Chapelle, Olivier and Hein, Matthias},
	Booktitle = {NIPS},
	Date-Added = {2019-04-02 12:33:53 +0000},
	Date-Modified = {2019-04-02 12:33:53 +0000},
	Title = {Measure Based Regularization},
	Year = {2004}}

@inproceedings{mmd-gan,
	title={Mmd gan: Towards deeper understanding of moment matching network},
	author={Li, Chun-Liang and Chang, Wei-Cheng and Cheng, Yu and Yang, Yiming and P{\'o}czos, Barnab{\'a}s},
	booktitle={NIPS},
	year={2017}
}

@misc{mnist,
	Author = {LeCun, Yann and Cortes, Corinna},
	Date-Added = {2019-04-02 12:33:53 +0000},
	Date-Modified = {2019-04-02 12:33:53 +0000},
	Howpublished = {http://yann.lecun.com/exdb/mnist/},
	Title = {{MNIST} handwritten digit database},
	Url = {http://yann.lecun.com/exdb/mnist/},
	Year = {2010},
	Bdsk-Url-1 = {http://yann.lecun.com/exdb/mnist/}}

@article{rosenbaum,
	Author = {Rosenbaum, S.},
	Date-Added = {2019-04-02 12:33:53 +0000},
	Date-Modified = {2019-04-02 12:33:53 +0000},
	Journal = {JRSS B},
	Pages = {405--408},
	Title = {Moments of a Truncated Bivariate Normal Distribution},
	Volume = {23},
	Year = {1961}}

@misc{munit,
	Archiveprefix = {arXiv},
	Arxivid = {1804.04732},
	Author = {Huang, Xun and Liu, Ming-Yu and Belongie, Serge and Kautz, Jan},
	Date-Added = {2019-04-02 12:33:53 +0000},
	Date-Modified = {2019-04-02 12:33:53 +0000},
	Eprint = {1804.04732},
	Title = {Multimodal Unsupervised Image-to-Image Translation},
	Year = {2018}}

@article{Brock:2016,
	Author = {Brock, Andrew and Lim, Theodore and Ritchie, J. M. and Weston, Nick},
	Date-Added = {2019-04-02 12:33:53 +0000},
	Date-Modified = {2019-04-02 12:33:53 +0000},
	Language = {en},
	Month = sep,
	Title = {Neural {Photo} {Editing} with {Introspective} {Adversarial} {Networks}},
	Url = {https://arxiv.org/abs/1609.07093},
	Urldate = {2018-06-19},
	Year = {2016},
	Bdsk-Url-1 = {https://arxiv.org/abs/1609.07093}}

@article{gan-tutorial,
	Archiveprefix = {arXiv},
	Author = {Goodfellow, I.},
	Date-Added = {2019-04-02 12:33:53 +0000},
	Date-Modified = {2019-04-02 12:33:53 +0000},
	Eprint = {1701.00160},
	Title = {{NIPS} 2016 Tutorial: Generative Adversarial Networks},
	Year = {2016}}

@misc{ipms-phi-clf,
	Archiveprefix = {arXiv},
	Author = {Sriperumbudur, B. K. and Fukumizu, K. and Gretton, A. and Sch{\"{o}}lkopf, B. and Lanckriet, G. R. G.},
	Date-Added = {2019-04-02 12:33:53 +0000},
	Date-Modified = {2019-04-02 12:33:53 +0000},
	Eprint = {0901.2698},
	Title = {On integral probability metrics, phi-divergences and binary classification},
	Year = {2009}}

@article{ipm-empirical-est,
	Author = {Sriperumbudur, B. K. and Fukumizu, K. and Gretton, A. and Sch{\"{o}}lkopf, B. and Lanckriet, G. R. G.},
	Date-Added = {2019-04-02 12:33:53 +0000},
	Date-Modified = {2019-04-02 12:33:53 +0000},
	Journal = {Electronic Journal of Statistics},
	Pages = {1550--1599},
	Title = {On the empirical estimation of integral probability metrics},
	Volume = {6},
	Year = {2012}}

@article{opt-est-probabilities,
	Archiveprefix = {arXiv},
	Author = {Sriperumbudur, Bharath},
	Date-Added = {2019-04-02 12:33:53 +0000},
	Date-Modified = {2019-04-02 12:33:53 +0000},
	Eprint = {1310.8240},
	Journal = {Bernoulli},
	Number = {3},
	Pages = {1839--1893},
	Title = {On the optimal estimation of probability mesaures in weak and strong topologies},
	Volume = {22},
	Year = {2016}}

@mastersthesis{energy-distance-gan,
	Author = {L. Liu},
	Date-Added = {2019-04-02 12:33:53 +0000},
	Date-Modified = {2019-04-02 12:33:53 +0000},
	Month = {April},
	School = {University of Princeton Senior Thesis},
	Title = {On the Two-Sample Statistic Approach to Generative Adversarial Networks},
	Url = {http://arks.princeton.edu/ark:/88435/dsp0179408079v},
	Year = {2017},
	Bdsk-Url-1 = {http://arks.princeton.edu/ark:/88435/dsp0179408079v}}

@incollection{Gretton:2012,
	Author = {Gretton, Arthur and Sejdinovic, Dino and Strathmann, Heiko and Balakrishnan, Sivaraman and Pontil, Massimiliano and Fukumizu, Kenji and Sriperumbudur, Bharath K.},
	Booktitle = {NIPS},
	Date-Added = {2019-04-02 12:33:53 +0000},
	Date-Modified = {2019-04-02 12:33:53 +0000},
	Title = {Optimal kernel choice for large-scale two-sample tests},
	Year = {2012}}

@book{Klenke:2008,
	Author = {Klenke, A.},
	Date-Added = {2019-04-02 12:33:53 +0000},
	Date-Modified = {2019-04-02 12:33:53 +0000},
	Publisher = {World Publishing Corporation},
	Title = {Probability Theory: A Comprehensive Course},
	Year = {2008}}

@inproceedings{progressive-growing,
	Archiveprefix = {arXiv},
	Arxivid = {1710.10196},
	Author = {Karras, Tero and Aila, Timo and Laine, Samuli and Lehtinen, Jaakko},
	Booktitle = {ICLR},
	Date-Added = {2019-04-02 12:33:53 +0000},
	Date-Modified = {2019-04-02 12:33:53 +0000},
	Eprint = {1710.10196},
	Title = {Progressive Growing of {GAN}s for Improved Quality, Stability, and Variation},
	Year = {2018}}

@book{dudley:analysis,
	Author = {Richard M. Dudley},
	Date-Added = {2019-04-02 12:33:53 +0000},
	Date-Modified = {2019-04-02 12:33:53 +0000},
	Edition = {2},
	Publisher = {Cambridge University Press},
	Title = {Real Analysis and Probability},
	Year = {2002},
	Bdsk-File-1 = {YnBsaXN0MDDUAQIDBAUGJCVYJHZlcnNpb25YJG9iamVjdHNZJGFyY2hpdmVyVCR0b3ASAAGGoKgHCBMUFRYaIVUkbnVsbNMJCgsMDxJXTlMua2V5c1pOUy5vYmplY3RzViRjbGFzc6INDoACgAOiEBGABIAFgAdccmVsYXRpdmVQYXRoWWFsaWFzRGF0YV8QKi4uLy4uLy4uL2xpdHRlcmF0dXJlL0R1ZGxleSgyMDAyYSlSZWFsLnBkZtIXCxgZV05TLmRhdGFPEQHwAAAAAAHwAAIAAAxNYWNpbnRvc2ggSEQAAAAAAAAAAAAAAAAAAADMMSECSCsAAAVWW7QVRHVkbGV5KDIwMDJhKVJlYWwucGRmAAAAAAAAAAAAAAAAAAAAAAAAAAAAAAAAAAAAAAAAAAAAAAAAAAAAAAAACBlUZ9huKgsAAAAAAAAAAAADAAIAAAkgAAAAAAAAAAAAAAAAAAAAC2xpdHRlcmF0dXJlAAAQAAgAAMwxEvIAAAARAAgAANhuKgsAAAABABgFVlu0BVZbfgVWWxwDOlmAAzpZfwACDfkAAgBhTWFjaW50b3NoIEhEOlVzZXJzOgBNaWNoYWVsQXJiZWw6AERvY3VtZW50czoAR2F0c2J5OgBSZXNlYXJjaDoAbGl0dGVyYXR1cmU6AER1ZGxleSgyMDAyYSlSZWFsLnBkZgAADgAsABUARAB1AGQAbABlAHkAKAAyADAAMAAyAGEAKQBSAGUAYQBsAC4AcABkAGYADwAaAAwATQBhAGMAaQBuAHQAbwBzAGgAIABIAEQAEgBOVXNlcnMvTWljaGFlbEFyYmVsL0RvY3VtZW50cy9HYXRzYnkvUmVzZWFyY2gvbGl0dGVyYXR1cmUvRHVkbGV5KDIwMDJhKVJlYWwucGRmABMAAS8AABUAAgAT//8AAIAG0hscHR5aJGNsYXNzbmFtZVgkY2xhc3Nlc11OU011dGFibGVEYXRhox0fIFZOU0RhdGFYTlNPYmplY3TSGxwiI1xOU0RpY3Rpb25hcnmiIiBfEA9OU0tleWVkQXJjaGl2ZXLRJidUcm9vdIABAAgAEQAaACMALQAyADcAQABGAE0AVQBgAGcAagBsAG4AcQBzAHUAdwCEAI4AuwDAAMgCvAK+AsMCzgLXAuUC6QLwAvkC/gMLAw4DIAMjAygAAAAAAAACAQAAAAAAAAAoAAAAAAAAAAAAAAAAAAADKg==}}

@inproceedings{inception,
	Archiveprefix = {arXiv},
	Author = {Szegedy, C. and Vanhoucke, V. and Ioffe, S. and Shlens, J. and Wojna, Z.},
	Booktitle = {CVPR},
	Date-Added = {2019-04-02 12:33:53 +0000},
	Date-Modified = {2019-04-02 12:33:53 +0000},
	Eprint = {1512.00567},
	Title = {Rethinking the {I}nception Architecture for Computer Vision},
	Year = {2016}}

@inproceedings{c2st,
	Archiveprefix = {arXiv},
	Author = {Lopez-Paz, D. and Oquab, M.},
	Booktitle = {ICLR},
	Date-Added = {2019-04-02 12:33:53 +0000},
	Date-Modified = {2019-04-02 12:33:53 +0000},
	Eprint = {1610.06545},
	Title = {Revisiting Classifier Two-Sample Tests},
	Year = {2017}}

@book{Wendland05,
	Address = {Cambridge, UK},
	Author = {H. Wendland},
	Date-Added = {2019-04-02 12:33:53 +0000},
	Date-Modified = {2019-04-02 12:33:53 +0000},
	Publisher = {Cambridge University Press},
	Title = {Scattered Data Approximation},
	Year = {2005}}

@article{scikit-learn,
	Author = {Pedregosa, F. and Varoquaux, G. and Gramfort, A. and Michel, V. and Thirion, B. and Grisel, O. and Blondel, M. and Prettenhofer, P. and Weiss, R. and Dubourg, V. and Vanderplas, J. and Passos, A. and Cournapeau, D. and Brucher, M. and Perrot, M. and Duchesnay, E.},
	Date-Added = {2019-04-02 12:33:53 +0000},
	Date-Modified = {2019-04-02 12:33:53 +0000},
	Journal = {JMLR},
	Pages = {2825--2830},
	Title = {Scikit-learn: Machine Learning in {P}ython},
	Volume = {12},
	Year = {2011}}

@misc{weed:wasserstein-rates,
	Archiveprefix = {arXiv},
	Author = {Jonathan Weed and Francis Bach},
	Date-Added = {2019-04-02 12:33:53 +0000},
	Date-Modified = {2019-04-02 12:33:53 +0000},
	Eprint = {1707.00087},
	Title = {Sharp asymptotic and finite-sample rates of convergence of empirical measures in Wasserstein distance},
	Year = {2017}}

@misc{sobolev-descent,
	Author = {Mroueh, Youssef and Sercu, Tom and Raj, Anant},
	Date-Added = {2019-04-02 12:33:53 +0000},
	Date-Modified = {2019-04-02 12:33:53 +0000},
	Month = 4,
	Note = {Private communication},
	Title = {Sobolev Descent: Variational Transport of Distributions via Advection},
	Year = {2018}}

@inproceedings{sobolev-gan,
	Author = {Mroueh, Youssef and Li, Chung-Liang and Sercu, Tom and Raj, Anant and Cheng, Yu},
	Booktitle = {ICLR},
	Date-Added = {2019-04-02 12:33:53 +0000},
	Date-Modified = {2019-04-02 12:33:53 +0000},
	Title = {Sobolev GAN},
	Year = {2018}}

@inproceedings{Miyato:2018,
	Archiveprefix = {arXiv},
	Author = {Miyato, Takeru and Kataoka, Toshiki and Koyama, Masanori and Yoshida, Yuichi},
	Booktitle = {ICLR},
	Date-Added = {2019-04-02 12:33:53 +0000},
	Date-Modified = {2019-04-02 12:33:53 +0000},
	Eprint = {1802.05927},
	Title = {Spectral Normalization for Generative Adversarial Networks},
	Year = {2018}}

@inproceedings{roth:regularization,
	Archiveprefix = {arXiv},
	Author = {Roth, Kevin and Lucchi, Aurelien and Nowozin, Sebastian and Hofmann, Thomas},
	Booktitle = {NIPS},
	Date-Added = {2019-04-02 12:33:53 +0000},
	Date-Modified = {2019-04-02 12:33:53 +0000},
	Eprint = {1705.09367},
	Title = {Stabilizing Training of Generative Adversarial Networks through Regularization},
	Year = {2017}}

@inproceedings{stacked-gans,
	Archiveprefix = {arXiv},
	Author = {Huang, X. and Li, Y. and Poursaeed, O. and Hopcroft, J. and Belongie, S.},
	Booktitle = {CVPR},
	Date-Added = {2019-04-02 12:33:53 +0000},
	Date-Modified = {2019-04-02 12:33:53 +0000},
	Eprint = {1612.04357},
	Title = {Stacked Generative Adversarial Networks},
	Year = {2017}}

@article{GneRaf07,
	Author = {T. Gneiting and A. E. Raftery},
	Date-Added = {2019-04-02 12:33:53 +0000},
	Date-Modified = {2019-04-02 12:33:53 +0000},
	Journal = {JASA},
	Number = {477},
	Pages = {359--378},
	Title = {Strictly proper scoring rules, prediction, and estimation},
	Volume = {102},
	Year = {2007}}

@book{SteChr08,
	Author = {I. Steinwart and A. Christmann},
	Date-Added = {2019-04-02 12:33:53 +0000},
	Date-Modified = {2019-04-02 12:33:53 +0000},
	Publisher = {Springer},
	Series = {Information Science and Statistics},
	Title = {Support Vector Machines},
	Year = {2008}}

@article{Zahorski:1946,
	Author = {Zahorski, Z.},
	Date-Added = {2019-04-02 12:33:53 +0000},
	Date-Modified = {2019-04-02 12:33:53 +0000},
	Journal = {Bulletin de la Soci{\'e}t{\'e} math{\'e}matique de France},
	Pages = {147--178},
	Title = {Sur l'ensemble des points de non-d{\'e}rivabilit{\'e} d'une fonction continue},
	Urldate = {2018-03-13},
	Volume = {2},
	Year = {1946}}

@article{SzeRiz04,
	Author = {G. Sz\'{e}kely and M. Rizzo},
	Date-Added = {2019-04-02 12:33:53 +0000},
	Date-Modified = {2019-04-02 12:33:53 +0000},
	Journal = {InterStat},
	Title = {Testing for Equal Distributions in High Dimension},
	Volume = {5},
	Year = {2004}}

@article{energy-distance,
	Author = {G. J. Sz{\'e}kely and M. L. Rizzo},
	Date-Added = {2019-04-02 12:33:53 +0000},
	Date-Modified = {2019-04-02 12:33:53 +0000},
	Journal = {InterStat},
	Number = {5},
	Title = {Testing for equal distributions in high dimensions},
	Year = {2004}}

@inproceedings{kfda,
	Archiveprefix = {arXiv},
	Author = {Harchaoui, Zaid and Bach, Francis R. and Moulines, \'Eric},
	Booktitle = {NIPS},
	Date-Added = {2019-04-02 12:33:53 +0000},
	Date-Modified = {2019-04-02 12:33:53 +0000},
	Eprint = {0804.1026},
	Title = {Testing for Homogeneity with Kernel Fisher Discriminant Analysis},
	Year = {2008}}

@misc{cramer-gan,
	Archiveprefix = {arXiv},
	Author = {Bellemare, M. G. and Danihelka, I. and Dabney, W. and Mohamed, S. and Lakshminarayanan, B. and Hoyer, S. and Munos, R.},
	Date-Added = {2019-04-02 12:33:53 +0000},
	Date-Modified = {2019-04-02 12:33:53 +0000},
	Eprint = {1705.10743},
	Title = {The {C}ramer Distance as a Solution to Biased {W}asserstein Gradients},
	Year = {2017}}

@article{dowson-landau,
	Author = {Dowson, D. C. and Landau, B. V.},
	Date-Added = {2019-04-02 12:33:53 +0000},
	Date-Modified = {2019-04-02 12:33:53 +0000},
	Journal = {Journal of Multivariate Analysis},
	Number = {3},
	Pages = {450--455},
	Title = {The {F}r{\'{e}}chet distance between multivariate normal distributions},
	Volume = {12},
	Year = {1982}}

@article{Piranian:1966,
	Author = {Piranian, G.},
	Date-Added = {2019-04-02 12:33:53 +0000},
	Date-Modified = {2019-04-02 12:33:53 +0000},
	Journal = {The American Mathematical Monthly},
	Number = {4},
	Pages = {57--61},
	Title = {The {Set} of {Nondifferentiability} of a {Continuous} {Function}},
	Volume = {73},
	Year = {1966}}

@inproceedings{Zhang:2018,
	Archiveprefix = {arXiv},
	Author = {Zhang, Richard and Isola, Phillip and Efros, Alexei A. and Shechtman, Eli and Wang, Oliver},
	Booktitle = {CVPR},
	Date-Added = {2019-04-02 12:33:53 +0000},
	Date-Modified = {2019-04-02 12:33:53 +0000},
	Eprint = {1801.03924},
	Title = {The Unreasonable Effectiveness of Deep Features as a Perceptual Metric},
	Year = {2018}}

@misc{Mityagin:2015,
	Archiveprefix = {arXiv},
	Author = {B. Mityagin},
	Date-Added = {2019-04-02 12:33:53 +0000},
	Date-Modified = {2019-04-02 12:33:53 +0000},
	Eprint = {1512.07276},
	Title = {The Zero Set of a Real Analytic Function},
	Year = {2015}}

@inproceedings{towards-principled-gans,
	Archiveprefix = {arXiv},
	Author = {Arjovsky, M. and Bottou, L.},
	Booktitle = {ICLR},
	Date-Added = {2019-04-02 12:33:53 +0000},
	Date-Modified = {2019-04-02 12:33:53 +0000},
	Eprint = {1701.04862},
	Title = {Towards Principled Methods for Training Generative Adversarial Networks},
	Year = {2017}}

@misc{anime-gans,
	Archiveprefix = {arXiv},
	Author = {Y. Jin and K. Zhang and M. Li and Y. Tian and H. Zhu and Z. Fang},
	Date-Added = {2019-04-02 12:33:53 +0000},
	Date-Modified = {2019-04-02 12:33:53 +0000},
	Eprint = {1708.05509},
	Title = {Towards the Automatic Anime Characters Creation with Generative Adversarial Networks},
	Year = {2017}}

@inproceedings{gen-mmd,
	Author = {Dziugaite, G. K. and Roy, D. M. and Ghahramani, Z.},
	Booktitle = {UAI},
	Title = {Training generative neural networks via Maximum Mean Discrepancy optimization},
	Year = {2015}}

@article{unbiased-convex,
	Author = {Bickel, P. J. and Lehmann, E. L.},
	Date-Added = {2019-04-02 12:33:53 +0000},
	Date-Modified = {2019-04-02 12:33:53 +0000},
	Journal = {The Annals of Mathematical Statistics},
	Number = {5},
	Pages = {1523--1535},
	Title = {Unbiased Estimation in Convex Families},
	Volume = {40},
	Year = {1969}}

@article{SriFukLan11,
	Archiveprefix = {arXiv},
	Author = {B. K. Sriperumbudur and K. Fukumizu and G. R. G. Lanckriet},
	Date-Added = {2019-04-02 12:33:53 +0000},
	Date-Modified = {2019-04-02 12:33:53 +0000},
	Eprint = {1003.0887},
	Journal = {JMLR},
	Pages = {2389--2410},
	Title = {Universality, Characteristic Kernels and {RKHS} Embedding of Measures},
	Volume = {12},
	Year = {2011}}

@inproceedings{cyclegan,
	Archiveprefix = {arXiv},
	Author = {J.-Y. Zhu and T. Park and P. Isola and A. A. Efros},
	Booktitle = {ICCV},
	Date-Added = {2019-04-02 12:33:53 +0000},
	Date-Modified = {2019-04-02 12:33:53 +0000},
	Eprint = {1703.10593},
	Title = {Unpaired Image-to-Image Translation using Cycle-Consistent Adversarial Networks},
	Year = {2017}}

@inproceedings{dcgan,
	Archiveprefix = {arXiv},
	Author = {Radford, A. and Metz, L. and Chintala, S.},
	Booktitle = {ICLR},
	Date-Added = {2019-04-02 12:33:53 +0000},
	Date-Modified = {2019-04-02 12:33:53 +0000},
	Eprint = {1511.06434},
	Title = {Unsupervised Representation Learning with Deep Convolutional Generative Adversarial Networks},
	Year = {2016}}

@book{diestel-uhl,
	Address = {Providence},
	Author = {Diestel, J. and Uhl, Jr, J. J.},
	Date-Added = {2019-04-02 12:33:53 +0000},
	Date-Modified = {2019-04-02 12:33:53 +0000},
	Publisher = {American Mathematical Society},
	Title = {Vector Measures},
	Year = {1977}}

@inproceedings{wgan,
	Archiveprefix = {arXiv},
	Author = {Arjovsky, M. and Chintala, S. and Bottou, L.},
	Booktitle = {ICML},
	Date-Added = {2019-04-02 12:33:53 +0000},
	Date-Modified = {2019-04-02 12:33:53 +0000},
	Eprint = {1701.07875},
	Title = {{W}asserstein Generative Adversarial Networks},
	Year = {2017}}

@misc{censored-normal,
	Author = {Sutherland, D. J.},
	Date-Added = {2019-04-02 12:33:53 +0000},
	Date-Modified = {2019-04-02 12:33:53 +0000},
	Howpublished = {Cross Validated answer},
	Title = {What are the mean and variance of a 0-censored multivariate normal?},
	Url = {https://stats.stackexchange.com/q/326347},
	Year = {2018},
	Bdsk-Url-1 = {https://stats.stackexchange.com/q/326347}}

@misc{Mescheder:2018,
	Archiveprefix = {arXiv},
	Author = {Mescheder, Lars and Geiger, Andreas and Nowozin, Sebastian},
	Date-Added = {2019-04-02 12:33:53 +0000},
	Date-Modified = {2019-04-02 12:33:53 +0000},
	Eprint = {1801.04406},
	Title = {Which Training Methods for {GANs} do actually Converge?},
	Year = {2018}}


@article{Villani:2004,
	title={Trend to equilibrium for dissipative equations, functional inequalities and mass transportation},
	author={Villani, Cedric},
	journal={Contemporary Mathematics},
	volume={353},
	pages={95},
	year={2004},
	publisher={Providence, RI: American Mathematical Society}
}


@book{Villani:2009,
	title={Optimal transport: old and new},
	author={Villani, C{\'e}dric},
	volume={338},
	year={2008},
	publisher={Springer Science \& Business Media}
}

@article{Oberman:2008,
	Author = {Adam M. Oberman},
	Date-Added = {2019-04-02 12:33:53 +0000},
	Date-Modified = {2019-04-02 12:33:53 +0000},
	Journal = {Proceedings of the American Mathematical Society},
	Title = {An Explicit Solution of the Lipschitz Extension Problem},
	Year = {2008},
	Bdsk-File-1 = {YnBsaXN0MDDUAQIDBAUGJCVYJHZlcnNpb25YJG9iamVjdHNZJGFyY2hpdmVyVCR0b3ASAAGGoKgHCBMUFRYaIVUkbnVsbNMJCgsMDxJXTlMua2V5c1pOUy5vYmplY3RzViRjbGFzc6INDoACgAOiEBGABIAFgAdccmVsYXRpdmVQYXRoWWFsaWFzRGF0YV8QMi4uLy4uLy4uL2xpdHRlcmF0dXJlL09iZXJtYW4oMjAwOGEpQW4gRXhwbGljaXQucGRm0hcLGBlXTlMuZGF0YU8RAhAAAAAAAhAAAgAADE1hY2ludG9zaCBIRAAAAAAAAAAAAAAAAAAAAMwxIQJIKwAABVZbtB1PYmVybWFuKDIwMDhhKUFuIEV4cGxpY2l0LnBkZgAAAAAAAAAAAAAAAAAAAAAAAAAAAAAAAAAAAAAAAAAAAAAH5O8V2AvaEAAAAAAAAAAAAAMAAgAACSAAAAAAAAAAAAAAAAAAAAALbGl0dGVyYXR1cmUAABAACAAAzDES8gAAABEACAAA2AvaEAAAAAEAGAVWW7QFVlt+BVZbHAM6WYADOll/AAIN+QACAGlNYWNpbnRvc2ggSEQ6VXNlcnM6AE1pY2hhZWxBcmJlbDoARG9jdW1lbnRzOgBHYXRzYnk6AFJlc2VhcmNoOgBsaXR0ZXJhdHVyZToAT2Jlcm1hbigyMDA4YSlBbiBFeHBsaWNpdC5wZGYAAA4APAAdAE8AYgBlAHIAbQBhAG4AKAAyADAAMAA4AGEAKQBBAG4AIABFAHgAcABsAGkAYwBpAHQALgBwAGQAZgAPABoADABNAGEAYwBpAG4AdABvAHMAaAAgAEgARAASAFZVc2Vycy9NaWNoYWVsQXJiZWwvRG9jdW1lbnRzL0dhdHNieS9SZXNlYXJjaC9saXR0ZXJhdHVyZS9PYmVybWFuKDIwMDhhKUFuIEV4cGxpY2l0LnBkZgATAAEvAAAVAAIAE///AACABtIbHB0eWiRjbGFzc25hbWVYJGNsYXNzZXNdTlNNdXRhYmxlRGF0YaMdHyBWTlNEYXRhWE5TT2JqZWN00hscIiNcTlNEaWN0aW9uYXJ5oiIgXxAPTlNLZXllZEFyY2hpdmVy0SYnVHJvb3SAAQAIABEAGgAjAC0AMgA3AEAARgBNAFUAYABnAGoAbABuAHEAcwB1AHcAhACOAMMAyADQAuQC5gLrAvYC/wMNAxEDGAMhAyYDMwM2A0gDSwNQAAAAAAAAAgEAAAAAAAAAKAAAAAAAAAAAAAAAAAAAA1I=}}

@article{Saidi:2009,
	Abstract = {Let \$G\$ be a compact subgroup of \$GL\_n({\textbackslash}R)\$ acting linearly on a finite dimensional vector space \$E\$. B. Malgrange has shown that the space \${\textbackslash}mathcal\{C\}{\textasciicircum}{\textbackslash}infty({\textbackslash}R{\textasciicircum}n,E){\textasciicircum}G\$ of \${\textbackslash}mathcal\{C\}{\textasciicircum}{\textbackslash}infty\$ and \$G\$-covariant functions is a finite module over the ring \${\textbackslash}mathcal\{C\}{\textasciicircum}{\textbackslash}infty({\textbackslash}R{\textasciicircum}n){\textasciicircum}G\$ of \${\textbackslash}mathcal\{C\}{\textasciicircum}{\textbackslash}infty\$ and \$G\$-invariant functions. First, we generalize this result for the Schwartz space \${\textbackslash}mathscr\{S\}({\textbackslash}R{\textasciicircum}n,E){\textasciicircum}G\$ of \$G\$-covariant functions. Secondly, we prove that any \$G\$-covariant distribution can be decomposed into a sum of \$G\$-invariant distributions multiplied with a fixed family of \$G\$-covariant polynomials. This gives a generalization of an Oksak result proved in ([O]).},
	Author = {Saidi, Anouar},
	Date-Added = {2019-04-02 12:33:53 +0000},
	Date-Modified = {2019-04-02 12:33:53 +0000},
	Journal = {arXiv:0902.1383 [math]},
	Keywords = {46F05, 58C46., 58C81, 58C99, Mathematics - Representation Theory},
	Month = feb,
	Note = {arXiv: 0902.1383},
	Title = {On covariant functions and distributions under the action of a compact group},
	Url = {http://arxiv.org/abs/0902.1383},
	Urldate = {2018-11-08},
	Year = {2009},
	Bdsk-File-1 = {YnBsaXN0MDDUAQIDBAUGJCVYJHZlcnNpb25YJG9iamVjdHNZJGFyY2hpdmVyVCR0b3ASAAGGoKgHCBMUFRYaIVUkbnVsbNMJCgsMDxJXTlMua2V5c1pOUy5vYmplY3RzViRjbGFzc6INDoACgAOiEBGABIAFgAdccmVsYXRpdmVQYXRoWWFsaWFzRGF0YV8QMS4uLy4uLy4uL2xpdHRlcmF0dXJlL1NhaWRpKDIwMDlhKU9uIGNvdmFyaWFudC5wZGbSFwsYGVdOUy5kYXRhTxECDAAAAAACDAACAAAMTWFjaW50b3NoIEhEAAAAAAAAAAAAAAAAAAAAzDEhAkgrAAAFVlu0HFNhaWRpKDIwMDlhKU9uIGNvdmFyaWFudC5wZGYAAAAAAAAAAAAAAAAAAAAAAAAAAAAAAAAAAAAAAAAAAAAAAAfkBcjYCkm8AAAAAAAAAAAAAwACAAAJIAAAAAAAAAAAAAAAAAAAAAtsaXR0ZXJhdHVyZQAAEAAIAADMMRLyAAAAEQAIAADYCkm8AAAAAQAYBVZbtAVWW34FVlscAzpZgAM6WX8AAg35AAIAaE1hY2ludG9zaCBIRDpVc2VyczoATWljaGFlbEFyYmVsOgBEb2N1bWVudHM6AEdhdHNieToAUmVzZWFyY2g6AGxpdHRlcmF0dXJlOgBTYWlkaSgyMDA5YSlPbiBjb3ZhcmlhbnQucGRmAA4AOgAcAFMAYQBpAGQAaQAoADIAMAAwADkAYQApAE8AbgAgAGMAbwB2AGEAcgBpAGEAbgB0AC4AcABkAGYADwAaAAwATQBhAGMAaQBuAHQAbwBzAGgAIABIAEQAEgBVVXNlcnMvTWljaGFlbEFyYmVsL0RvY3VtZW50cy9HYXRzYnkvUmVzZWFyY2gvbGl0dGVyYXR1cmUvU2FpZGkoMjAwOWEpT24gY292YXJpYW50LnBkZgAAEwABLwAAFQACABP//wAAgAbSGxwdHlokY2xhc3NuYW1lWCRjbGFzc2VzXU5TTXV0YWJsZURhdGGjHR8gVk5TRGF0YVhOU09iamVjdNIbHCIjXE5TRGljdGlvbmFyeaIiIF8QD05TS2V5ZWRBcmNoaXZlctEmJ1Ryb290gAEACAARABoAIwAtADIANwBAAEYATQBVAGAAZwBqAGwAbgBxAHMAdQB3AIQAjgDCAMcAzwLfAuEC5gLxAvoDCAMMAxMDHAMhAy4DMQNDA0YDSwAAAAAAAAIBAAAAAAAAACgAAAAAAAAAAAAAAAAAAANN}}


@article{Retherford:1978,
	title={J. Diestel and JJ Uhl, Jr., Vector measures},
	author={Retherford, JR and others},
	journal={Bulletin of the American Mathematical Society},
	volume={84},
	number={4},
	pages={681--685},
	year={1978},
	publisher={American Mathematical Society}
}


@article{durmus2018analysis,
	Author = {Durmus, Alain and Majewski, Szymon and Miasojedow, B{\l}a{\.z}ej},
	Journal = {arXiv preprint arXiv:1802.09188},
	Title = {Analysis of Langevin Monte Carlo via convex optimization},
	Year = {2018}}

@article{bernton2018langevin,
	Author = {Bernton, Espen},
	Journal = {arXiv preprint arXiv:1802.08671},
	Title = {Langevin Monte Carlo and JKO splitting},
	Year = {2018}}

@article{jordan1998variational,
	Author = {Jordan, Richard and Kinderlehrer, David and Otto, Felix},
	Journal = {SIAM journal on mathematical analysis},
	Number = {1},
	Pages = {1--17},
	Publisher = {SIAM},
	Title = {The variational formulation of the Fokker--Planck equation},
	Volume = {29},
	Year = {1998}}

@article{gretton2012kernel,
	Author = {Gretton, Arthur and Borgwardt, Karsten M and Rasch, Malte J and Sch{\"o}lkopf, Bernhard and Smola, Alexander},
	Journal = {Journal of Machine Learning Research},
	Title = {A kernel two-sample test},
	Year = {2012}}
